2618 4458
358 359 409 426 rr
529 353 554 456 Ι·

348 571 411 639 me
428 544 619 637 petissc,‘ut
636 567 698 635 ego
716 545 779 612 inm
790 541 945 628 'recusare
961 569 1026 612 non
1042 569 1183 635 possem,
1205 571 1270 614 non

359 651 474 736 igitur,
496 646 525 712 si
542 669 605 735 ego
622 647 665 714 Α
679 647 796 714 Albini
818 647 1022 714 excusatione
1044 672 1214 733 oensem,
1236 663 1271 715 tn

358 751 405 817 Μ.
425 749 556 816 Catonis
580 774 749 839 personam
773 774 885 838 geres,
914 750 972 814 sed
992 773 1124 835 vereor,
1152 753 1272 817 nerlii

360 851 456 918 nimis
476 853 542 917 sint
563 852 669 918 severi
689 853 806 926 lutnri=
828 851 912 941 opud
932 854 990 916 hos
1010 853 1072 917 tihi
1090 878 1160 918 meo
1178 877 1274 918 excu-

358 955 439 1021 sotio
461 955 523 1018 crit
542 955 767 1043 suscipienda,
784 955 871 1042 qnod
889 965 924 1018 tu
944 952 1024 1018 mihi
1043 965 1155 1018 auctor
1171 957 1272 1038 luisti,

352 1067 393 1121 'nt
411 1057 446 1121 id
466 1056 713 1138 committerem,
738 1056 824 1144 qnod
845 1053 982 1120 l‘ortesse
1004 1054 1144 1144 cuipiam
1164 1077 1273 1143 repre·

357 1157 562 1223 hendendom
583 1159 735 1224 videntur.
780 1157 849 1223 Sed
872 1180 970 1246 quum
990 1157 1133 1249 timidior
1156 1157 1215 1222 sim
1236 1159 1272 1222 in

357 1260 463 1350 primo
484 1256 571 1324 libro
591 1257 782 1341 emittendo,
807 1281 844 1325 ac
866 1282 956 1349 paenc
979 1260 1093 1324 onxius
1115 1284 1209 1348 quom
1232 1261 1273 1324 sit
1302 1318 1303 1349 ,

356 1362 534 1450 placiturus
549 1361 650 1427 dicam
665 1387 704 1427 on
722 1361 943 1450 displiciturus
958 1360 1061 1427 doctis
1077 1363 1272 1443 hominibus,
1301 1391 1303 1436 4

332 1455 462 1528 ¹tomen
480 1465 515 1528 in
536 1467 595 1529 hec
614 1465 711 1530 enimi
731 1464 947 1530 sollicitudine
967 1464 1001 1529 id
1018 1487 1068 1528 mc
1086 1466 1271 1530 consolatur
1302 1545 1303 1552 ἵ

235 1577 237 1590 ⁴
355 1566 608 1654 quodammodo,
630 1567 717 1656 qnod
732 1566 902 1632 consilium
918 1590 1023 1632 meum
1040 1566 1138 1654 ecquis
1156 1578 1187 1630 ct
1200 1590 1270 1631 eru·

321 1674 330 1686 ⁵
356 1667 432 1732 ditis
448 1665 630 1733 hominihus
655 1666 749 1732 facile
773 1688 824 1733 mc
842 1667 979 1756 probare
1000 1691 1095 1756 posse
1110 1669 1270 1754 intelligo.

354 1767 429 1835 Non
451 1772 536 1834 enim
555 1770 766 1858 plurimorum
786 1770 953 1858 aequalium
974 1793 1117 1834 meorum
1131 1769 1270 1856 vestigia

355 1872 446 1959 sequi
465 1875 571 1956 volui,
598 1874 740 1961 quinon
762 1870 966 1936 conscribere
988 1867 1050 1956 ipsi
1070 1870 1189 1950 libros,
1211 1873 1269 1933 scd
1302 1903 1303 1906 ¹

355 1995 532 2058 congerere
551 1975 686 2035 oliorum
706 1972 789 2034 dicta
808 1971 928 2046 solent,
951 1970 991 2027 de
1007 1966 1095 2029 nullo
1110 1989 1145 2028 rc
1164 1968 1268 2033 minus
1302 1991 1303 1996 ’

354 2072 501 2151 solliciti,
519 2093 613 2155 quam
627 2067 705 2156 qnid
719 2089 846 2146 verum,
865 2065 942 2151 qnid
957 2066 1073 2129 falsum
1086 2067 1140 2132 sit:
1161 2092 1268 2158 neque

355 2172 439 2236 cnim
462 2169 635 2257 scriptores
655 2163 786 2232 Graecos
808 2177 861 2231 ont
881 2165 1032 2258 Latione,
1055 2168 1111 2232 sed
1132 2173 1267 2238 novissi·

353 2298 422 2338 mos
437 2295 582 2361 quosque
597 2281 714 2334 nostroe
732 2267 847 2350 aetatis,
872 2268 927 2356 qui
950 2268 988 2332 dc
1008 2268 1106 2334 rebus
1125 2274 1266 2362 antiquis

353 2377 568 2463 scripserunt,
597 2369 800 2462 pervolotore
823 2383 1078 2458 consueverunt,
1107 2384 1142 2439 nt
1168 2376 1264 2442 facilc

353 2478 395 2542 sit
409 2475 611 2565 perspicere,
633 2472 752 2538 nullam
767 2469 945 2536 habendam
958 2497 1028 2536 esse
1043 2476 1137 2540 fldem
1152 2501 1265 2545 corum

353 2577 497 2665 scriptis,
521 2573 639 2664 quippe
659 2572 714 2662 qui
733 2572 796 2661 ipsi
812 2575 1023 2639 confiteantur
1041 2575 1122 2643 nili!
1140 2603 1263 2667 eornm,

353 2693 423 2768 quae·
445 2680 622 2767 disputent,
645 2701 679 2742 se
700 2675 858 2740 offirmare
878 2699 991 2764 posse,
1012 2679 1095 2744 nihil
1110 2705 1143 2746 sc
1162 2685 1263 2770 scire,
1299 2689 1300 2692 ’

352 2783 415 2847 nisi
444 2782 528 2847 idom
555 2782 617 2846 iam
645 2781 685 2845 ab
712 2777 785 2844 aliis
814 2780 997 2846 hominibus
1022 2785 1263 2870 pronuntiatum

352 2907 429 2950 csse.
458 2883 530 2971 Ego
545 2907 587 2946 ne
603 2882 638 2946 in
653 2878 847 2947 contrariom
860 2880 953 2968 plone
966 2880 1078 2950 vitium
1092 2885 1263 2955 inciderim

351 3011 479 3053 vereor:
508 2984 637 3050 memini
662 2980 746 3048 enim
767 2992 799 3048 te
821 2983 900 3050 mihi
922 3007 1005 3073 saepc
1031 2987 1261 3077 exprobrasse,

351 3091 436 3176 qnod
450 3090 556 3155 nullos
574 3088 644 3152 lere
662 3085 726 3152 nisi
742 3082 872 3151 Grecos
889 3098 942 3151 out
955 3085 1087 3154 Latinos
1104 3091 1258 3178 legerem,

350 3201 633 3274 commentatores,
656 3212 736 3278 quos
757 3183 885 3272 dicunt,
908 3198 940 3253 ct
957 3213 1029 3273 eos,
1051 3191 1106 3280 qui
1126 3193 1165 3258 de
1181 3197 1258 3260 anti-

349 3292 471 3378 quitate
490 3291 705 3380 scripserunt,
726 3291 859 3356 nimium
878 3288 1073 3376 fosn‘direm,
1096 3297 1186 3383 quasi
1205 3321 1258 3362 co·
1296 3377 1297 3386 ἵ

347 3415 418 3456 rum
440 3393 578 3459 lectione
603 3416 668 3456 ron
693 3393 945 3476 acceleraretur,
968 3394 1258 3484 scd'inpcdiretur

346 3495 451 3580 potios
477 3497 618 3586 cognitio
644 3495 751 3560 rernm
780 3494 989 3582 nrtiqoorum.
1031 3495 1068 3561 ld
1093 3499 1120 3562 si
1141 3497 1256 3567 vitium

346 3606 411 3678 est,
438 3623 543 3664 meum
568 3621 637 3664 csse
660 3597 826 3662 confiteor.
875 3595 957 3662 Nom
983 3621 1042 3685 ego
1067 3597 1254 3688 Scaligeros

344 3699 472 3786 quidem
490 3712 523 3768 et
536 3700 744 3769 Caecubonos
761 3709 794 3764 et
811 3697 984 3766 Salmasios
1001 3700 1144 3789 aliosque
1161 3702 1252 3772 illius

1093 4207 1293 4410 «ff
