2644 4462
876 397 957 474 211

49 579 175 680 „quam
209 587 400 678 Pausanias,
439 598 653 663 narrationem
686 597 726 663 rie
761 596 960 664 Aristodemi

48 687 165 775 „tiliae
200 707 339 760 amatore
367 698 503 762 sortasse
538 701 709 787 scripserat
736 699 901 764 Piodorns
927 705 961 764 et

48 807 142 884 „pro
164 798 328 876 mendacio
354 819 423 864 rem
446 824 552 865 veram
575 809 734 888 posuerat.
742 799 764 837 ‘⁶
805 801 959 865 Profecto

47 899 149 982 lenge
169 897 263 962 aliter
278 898 446 986 scripsisse
461 899 706 986 Diodorusitibi
720 903 878 989 putandus
893 909 959 982 est,

47 999 78 1061 si
114 1021 154 1062 ex
185 1010 238 1064 tua
269 1001 510 1065 ratiocinatione
542 1013 616 1090 post
647 1002 778 1090 Olymp.
812 1003 904 1066 XIV.
937 1003 958 1067 l

47 1099 275 1164 Aristodemus
302 1101 400 1202 filiapr
428 1105 570 1186 necavit,
598 1103 728 1185 eodem,
756 1113 792 1166 ut
814 1104 958 1182 videtur,

48 1217 154 1282 anno,
184 1217 248 1288 quo
280 1214 380 1278 semet
408 1205 477 1290 ipse
505 1205 674 1268 interemit
722 1203 807 1286 Sed,
829 1207 871 1268 'ut
897 1206 959 1269 hoc

47 1303 230 1388 mittamus,
251 1303 329 1419 quid
351 1303 479 1390 scripsit
499 1293 673 1370 Pausanias
694 1303 751 1370 lib
772 1307 824 1370 lv
844 1329 911 1422 cap.
933 1305 958 1368 9

47 1401 80 1492 §.
103 1405 153 1467 5⁶2
194 1389 301 1491 Ἅνῆρ,
343 1393 465 1492 inquit,
503 1407 568 1471 coir
602 1399 794 1492 Μεσσηνίων
830 1397 894 1494 (
856 1428 890 1471 τι
922 1403 959 1470 tt
1051 1401 1054 1408 ’

46 1497 155 1584 oropo
178 1493 220 1567 ου’
245 1502 447 1590 ie'yovotr)’
430 1507 511 1590 spoia
534 1503 625 1586 ἔτυχε
648 1531 704 1573 cov
693 1495 959 1626 Ἀριστοδήμου

45 1605 109 1690 τῆς
124 1596 303 1692 θυγατρός,
323 1594 394 1668 τότε
409 1601 484 1667 θὲ’
464 1627 479 1668 ε
483 1608 580 1683 μιλλε
596 1606 649 1670 καὶ
666 1611 799 1690 γυναῖκα
817 1593 960 1687 uiscatos

48 1729 78 1768 κ.
116 1728 144 1770 τ
178 1703 256 1768 λ.“
249 1731 281 1752 -’
333 1703 506 1769 Pausanias
540 1707 641 1770 molto
675 1717 750 1794 post
780 1709 960 1773 Diodorum

49 1805 203 1892 scripsit,
237 1805 293 1868 sed
332 1806 441 1892 sponsi
474 1806 562 1870 illius
599 1831 715 1872 nornen
751 1808 858 1872 dicere
894 1830 960 1874 non

49 1908 176 2006 potuit,
198 1907 292 1994 quod
318 1908 375 1994 qui
402 1918 476 1970 ante
504 1932 576 1972 eum
601 1910 810 1996 scripserant,
839 1910 872 1973 id
893 1931 959 1974 non

49 1993 246 2091 retulerant
287 2031 323 2072 ιο
360 1997 396 2072 tt
439 1999 540 2088 erutae
582 2003 623 2074 ου’
657 2010 802 2096 λέγουσιν
825 2010 959 2098 inquit5

49 2110 201 2176 Diodoro
235 2109 335 2196 igitur
369 2135 432 2175 non
466 2114 567 2199 nangis
602 2124 709 2177 notum
744 2113 845 2178 inisse
877 2112 960 2177 illud

51 2223 189 2292 nomen,
217 2226 310 2298 qnam
338 2212 532 2296 Pausaniae,
560 2224 722 2302 putamur,
750 2237 822 2278 nam
847 2211 876 2276 si
901 2213 959 2277 ilie

51 2315 88 2379 id
109 2313 288 2395 retulisset,
311 2313 507 2401 antiquiore,
536 2325 573 2377 ut
591 2326 685 2402 puto,
707 2315 864 2401 scriptore
885 2335 961 2378 usus

53 2426 139 2480 esset
166 2427 311 2497 auctore,
332 2438 436 2501 quem
464 2416 490 2479 si
515 2417 624 2502 legere
649 2417 752 2504 potuit
779 2415 961 2498 Diodorus,

54 2517 190 2582 eundem
211 2524 305 2601 atque
324 2516 455 2603 insuper
480 2516 583 2605 ipsum
607 2519 802 2601 Diodorum,
829 2517 962 2606 opinor,
1029 2593 1031 2600 y
1098 2519 1103 2530 '

51 2622 165 2704 legere
190 2617 293 2704 potuit
319 2616 511 2682 Pausaniusx
538 2619 653 2682 mirum
681 2619 781 2706 igitur
806 2631 905 2702 esset,
931 2618 962 2684 si

53 2724 103 2802 is,
137 2721 193 2807 qui
230 2727 304 2806 post
337 2719 418 2786 vixit
451 2743 516 2806 non
549 2723 698 2785 rescisset
732 2745 864 2803 nomen,
903 2719 962 2784 sed

2 2877 7 2882 .
53 2833 172 2888 notum
190 2845 262 2900 ease
280 2831 435 2910 reperet,
456 2842 567 2908 quum,
589 2823 644 2909 qui
661 2825 762 2887 multo
775 2833 848 2886 ante
864 2820 960 2900 vixit,

53 2926 91 2988 id
127 2924 188 2986 iam
228 2919 449 3010 inqestigassct
483 2947 519 2987 ae
553 2924 723 2988 memoriae
759 2914 960 3010 prodidisset.

55 3026 97 3092 Si
115 3035 218 3110 autem
236 3021 399 3087 Diodorus
413 3047 472 3088 nec
486 3027 594 3112 posuit
609 3047 723 3088 nomen
738 3044 797 3086 nec
812 3029 962 3103 noverat,
998 3017 1000 3024 ’

55 3149 163 3193 nonne
183 3117 353 3190 ridiculum
373 3149 444 3191 eom
463 3125 604 3188 eiusdem
620 3124 754 3189 virtutes
771 3145 807 3187 ae
826 3121 963 3210 gloriam

55 3229 229 3310 laudare,
223 3228 312 3291 euius
329 3250 444 3291 nomen
459 3216 584 3291 nescit‘i
597 3225 793 3289 Aristodemi
807 3246 963 3344 penarum

56 3333 162 3398 virum
190 3331 306 3392 fortem
334 3351 369 3391 ae
403 3331 564 3392 strenuum
595 3327 692 3392 inisse
717 3327 820 3392 soceri
845 3346 964 3390 nomen

58 3429 506 3517 testatn1½eundemEophai
523 3429 593 3518 regi
609 3429 745 3494 amicitia
760 3428 965 3493 coniunctum

16 3573 25 3595 ι
60 3530 164 3600 fuisse
180 3529 352 3595 Pausanias
371 3542 485 3595 narrat.
530 3530 597 3596 Sed
613 3555 718 3596 nonne
738 3513 827 3597 vides
846 3547 965 3616 genero

64 3637 132 3700 sive
148 3654 264 3720 sponso
279 3631 337 3693 iilo
358 3632 531 3720 eodemque
544 3633 686 3721 Euphais
704 3633 791 3720 regis
809 3629 912 3696 amico
926 3624 968 3690 ad

66 3735 206 3804 tabulam
224 3731 437 3800 adornandam
455 3755 534 3821 opus
553 3733 670 3817 tuisse,
692 3745 727 3799 ct
746 3730 988 3804 Aristodemus,
1087 3729 1088 3732 ’
1129 3735 1130 3738 ’
1181 3713 1182 3742 ³

615 3858 679 3926 14*
