2618 4458
357 385 390 452 Χ

358 607 464 673 neque
482 582 782 669 facilioremneqnc
796 580 970 672 aequiorem
986 581 1166 648 laudatorem
1177 609 1235 650 esse

358 697 522 752 nacturum
532 734 543 770 ,
556 691 659 774 ‘quam
676 709 726 749 me
744 686 856 773 ipsum.
900 684 999 771 Quod
1017 695 1116 750 autem
1131 708 1239 756 omnem

351 789 446 856 illam
464 790 545 854 clam
563 791 664 854 celato
679 789 813 853 nomine
831 789 994 854 iudicandi
1007 791 1155 856 rationem
1171 791 1240 856 vitn-

350 891 487 977 pcuavi,
515 893 549 957 id
575 891 734 956 neminem
762 888 877 979 opinor
903 890 1064 973 offendet,
1091 891 1148 956 uisi
1170 893 1243 956 lortc

357 1016 436 1078 eos,
467 993 523 1082 qni
555 995 619 1082 ipsi
651 994 725 1058 inde
752 995 861 1060 ncsdo
891 994 970 1082 quial
997 994 1078 1058 lucri
1110 1005 1243 1080 quaeruut.

355 1095 487 1162 Veritas
501 1107 586 1161 certe
598 1120 662 1161 non
677 1099 843 1163 adiuvatur
856 1099 914 1161 hac
930 1097 1073 1176 ratione,
1091 1097 1245 1182 sedpotius
1272 1119 1273 1124 ¹

357 1197 545 1284 obtrectatio
576 1209 608 1262 et
640 1223 733 1264 omne
762 1223 864 1288 genus
894 1198 1101 1266 fallaciarum.
1147 1199 1248 1266 Palam

349 1301 510 1388 suffragia
531 1302 687 1369 letantur.

419 1503 489 1572 Sed
515 1506 597 1595 quid'
620 1509 695 1574 haec.
711 1507 751 1574 ad
779 1511 858 1574 mel
886 1519 921 1574 tu
948 1507 1037 1574 dices
1065 1547 1098 1558 -
1128 1518 1157 1573 et
1173 1519 1257 1573 recte

354 1631 486 1693 mones,
508 1635 580 1675 nam
600 1635 661 1698 eqo
680 1636 769 1699 poene
788 1613 912 1677 ohlitus
925 1636 1011 1676 crum
1030 1636 1080 1692 mc
1103 1612 1261 1699 epistolam

346 1711 507 1792 scrihere.
552 1714 663 1801 Quare
682 1715 744 1780 iarn
758 1717 804 1780 ad
822 1725 854 1779 te
872 1726 1050 1780 revertatur
1071 1713 1261 1778 oretio'mcu.

354 1814 493 1880 Diversa
513 1828 587 1881 sunt
606 1818 709 1882 studia
728 1829 872 1882 nostrum
887 1819 1064 1904 utriusque.
1098 1817 1154 1881 Tu,
1166 1839 1265 1901 qram-

351 1917 499 1984 maticem
531 1919 635 2003 colis,
663 1921 825 2009 praecipue
853 1921 1019 1987 Latinamc
1048 1918 1109 1984 tihi
1139 1917 1265 2003 linguae

343 2017 487 2084 Latinae
515 2021 819 2108 consuetudinisque
845 2021 1002 2084 sunnonis
1032 2017 1268 2098 accuratissima

353 2121 497 2207 cognitio
522 2121 676 2188 maximae
701 2147 795 2188 curae
822 2134 891 2204 cst,
916 2131 1101 2208 tantumque
1115 2132 1269 2209 praestas

344 2224 469 2288 ¹ceteris
503 2223 658 2310 singulari
692 2225 825 2288 scientia
858 2224 953 2287 etiam
987 2223 1272 2289 minutissimarum

352 2348 461 2394 rerum
480 2337 512 2388 ct
529 2349 623 2390 vcrac
641 2349 806 2414 puraeque
824 2324 1007 2408 latinitatis,
1028 2335 1178 2412 quamum
1198 2350 1274 2391 cum

343 2425 500 2515 oportet,
522 2429 577 2516 qui
604 2438 724 2492 oetatem
744 2429 779 2492 in
800 2429 862 2491 hoc
883 2428 989 2492 studio
1013 2429 1274 2515 consumpserit3

353 2519 463 2617 neque¹
477 2540 583 2594 tamen
600 2532 667 2594 haec
685 2529 800 2616 sole[to
818 2532 976 2613 delectat,
994 2532 1054 2594 scd
1073 2531 1170 2594 etiarn
1188 2531 1275 2594 miro

354 2634 490 2722 quodam
504 2655 539 2696 ac
552 2655 642 2720 paene
657 2632 839 2701 incredibili
853 2634 958 2700 studio
973 2634 1111 2698 traheris
1126 2633 1278 2696 historiae

354 2736 495 2800 omnium
509 2735 725 2802 doctrinarum
737 2737 938 2824 maximeque
951 2735 1165 2824 philologiam
1181 2737 1282 2799 cuius

354 2851 471 2927 quanta
496 2839 530 2901 in
555 2849 587 2901 tc
613 2836 654 2900 sit
681 2839 830 2928 scicntia,
859 2848 891 2902 et
915 2839 1087 2902 ostendunt
1116 2839 1183 2905 iarn
1212 2839 1282 2900 duo

352 2942 513 3009 volumina
543 2941 704 3004 doctrinae
733 2942 890 3006 librorum
919 2940 1219 3029 philologicorum,
1243 2949 1286 3002 ut

352 3047 413 3108 hcc
438 3045 538 3114 vcrho
558 3054 660 3136 rutae,
690 3052 721 3104 et
746 3045 844 3107 multo
873 3045 967 3108 etiarn
993 3041 1094 3127 magis
1122 3042 1287 3104 ostendet

352 3149 438 3213 idem
467 3149 573 3228 liber,
597 3146 624 3208 si
648 3146 772 3231 (quando
793 3141 912 3210 iterum
941 3143 1085 3232 prodibit
1118 3143 1288 3210 secundis

352 3251 458 3337 iisque
486 3251 580 3338 plane
602 3250 732 3312 summis
755 3250 819 3312 tuis
849 3249 934 3312 curis
958 3252 1139 3308 exornatus.
1187 3243 1288 3308 Mihi

354 3353 538 3418 Graecarum
559 3352 736 3418 litterarum
756 3351 894 3418 studium
915 3348 1005 3412 cordi
1021 3354 1089 3425 est,
1111 3347 1288 3433 aquibus

349 3469 387 3521 tu
413 3480 478 3518 non
510 3455 663 3518 abhorres
698 3453 826 3541 quidem
853 3489 884 3498 -
911 3471 982 3513 nam
1012 3448 1080 3535 ipso
1107 3449 1292 3535 scripsisti

319 3639 322 3648 Ι
348 3558 587 3646 grammaticam
608 3553 751 3623 Graccum
766 3563 797 3617 ct
812 3551 1029 3616 strenuissime
1050 3551 1224 3640 quondam
1249 3550 1294 3615 in

356 3661 496 3725 dictione
516 3657 689 3744 Sophoclis
711 3667 742 3719 ct
761 3653 930 3740 Euripidis
951 3651 1140 3720 illustr-auda
1155 3651 1296 3718 ‹claho-

351 3765 452 3845 rosti‚
482 3785 586 3848 nequo
618 3760 688 3824 lieri
713 3767 839 3846 potest,
856 3767 921 3841 ut,
948 3758 1004 3845 qui
1030 3757 1110 3824 adeo
1138 3776 1295 3820 omnem
