2618 4458
882 331 884 336 '
981 385 1031 456 u

127 599 252 667 quoque
284 579 325 644 de
358 577 475 646 eisdem
506 576 604 644 rebus
637 597 754 664 agere,
787 585 825 641 nt
857 576 936 642 milri
965 597 1031 644 non

125 665 523 765 extimescendum'esset,
554 704 596 745 ne
625 679 703 767 quid
731 679 966 766 praeriperetur.
993 717 1026 730 -κ

123 783 274 848 Poteram
299 783 432 848 formsse
456 807 522 848 non
545 805 644 871 pauca
668 782 703 846 in
726 783 776 846 bis
797 783 873 870 ipsis
893 782 1033 870 disputa·

123 885 263 950 tionibus
281 885 383 972 aptius
407 885 601 974 disponere,
623 887 680 949 sed
704 909 801 973 quum
826 885 866 948 ad
890 886 1031 950 scriben-

123 988 197 1050 dum
223 987 427 1071 accederem,
453 998 579 1076 tempus
606 1009 723 1074 urgere
748 986 1032 1075 videbaturppost

121 1097 224 1152 autem
237 1090 386 1176 conlecto
405 1113 504 1178 opere
526 1113 592 1154 non
611 1088 704 1154 licuit
720 1090 819 1154 multa
837 1100 976 1175 mutare,
1000 1102 1032 1156 ct

120 1191 289 1279 aliquoties
314 1191 408 1256 etiam
433 1193 582 1257 consulto
607 1193 726 1260 facum
752 1202 820 1273 est,
845 1202 881 1256 ut
908 1193 1032 1281 aptissi-

120 1318 202 1359 mam
235 1293 477 1381 dispositionem
508 1295 746 1382 relinquerem,
779 1317 822 1359 ne
851 1317 917 1358 nou
950 1317 1031 1383 quae

118 1419 194 1462 vera
215 1406 325 1463 essent*
346 1397 562 1461 demonstrare
588 1399 750 1481 voluisse,
772 1399 829 1462 scd
849 1398 1035 1485 eloquentia

115 1509 152 1562 et
184 1509 251 1562 arte
284 1521 446 1564 assensum
478 1499 636 1564 lectorum
664 1499 700 1564 in
735 1499 833 1565 rebus
868 1498 1032 1564 historicis

118 1601 303 1689 quaesivisse
331 1601 468 1666 viderer.
488 1634 530 1646 --
572 1600 691 1690 Atqui·
706 1602 867 1666 interdum
898 1602 1033 1667 fortasse

117 1701 296 1800 modestius
315 1704 369 1768 rel
389 1725 464 1766 sane
481 1702 675 1768 moderatius
693 1705 733 1767 de
747 1702 789 1768 iis
803 1703 911 1768 dicere
925 1704 1033 1790 potui,

117 1813 233 1868 contra
253 1825 334 1888 quos
355 1803 524 1888 disputavi.
549 1839 582 1850 -
607 1802 775 1870 Neminem
795 1825 878 1888 ego,
900 1803 1034 1868 sibene

116 1901 275 1984 memini,
298 1901 463 1966 acerbiore
482 1901 626 1965 oratione
643 1902 732 1983 laesi,
754 1902 816 1966 nisi
835 1903 919 1966 forte
936 1927 1037 1971 unum

116 2004 300 2085 hominem,
320 2004 411 2072 cuius
432 2025 509 2066 sane
528 2001 689 2070 levitatem
706 2004 741 2066 in
759 2003 914 2070 sententia
931 2003 1036 2070 feren·

117 2108 158 2173 da
188 2105 227 2170 de
252 2105 338 2170 libro
366 2104 502 2193 quodam
528 2103 627 2169 bilem
651 2104 731 2172 miti
757 2103 894 2170 movisse
919 2105 1033 2172 fateor.

115 2208 243 2275 Verum
261 2231 327 2280 non
345 2231 406 2295 ego
423 2206 636 2290 accusandus,
659 2205 706 2289 si,
728 2229 824 2294 quam
840 2206 897 2274 ille
915 2209 1033 2293 movit,
1130 2262 1134 2273 ,

117 2335 156 2376 ca
174 2312 209 2374 in
224 2310 331 2398 ipsum
347 2311 447 2375 effusa
466 2320 523 2374 est.
566 2309 606 2375 ld
622 2309 685 2377 sibi
702 2309 767 2398 ipsi
784 2309 905 2377 tribuat
921 2334 1035 2379 censor

115 2411 325 2479 Dindorliani
343 2408 535 2498 exemplaris
554 2409 766 2500 reliquiarum
783 2410 924 2480 Diodori
943 2413 1033 2483 vati·
1087 2429 1090 2435 '

117 2539 271 2580 cenarum
295 2513 330 2579 in
356 2512 433 2578 actis
464 2514 598 2581 litterar.
629 2511 790 2596 univers,
824 2537 905 2602 quae
935 2517 1033 2584 Halis

117 2618 281 2701 eduntur,
303 2617 356 2682 cui
379 2639 430 2680 me
457 2616 577 2680 nullam
603 2613 696 2680 aliam
724 2615 765 2680 ob
794 2637 935 2683 caussam
964 2643 1034 2686 sue·

113 2719 283 2786 censuisse
300 2726 417 2807 praeter
441 2739 529 2799 cam,
552 2740 646 2805 qnam
668 2715 757 2799 dixi,
779 2727 811 2780 et
831 2719 906 2806 ipse
922 2721 1033 2787 testari

113 2822 252 2912 poterit,
268 2831 302 2905 ct
312 2819 514 2886 manifestum
527 2829 591 2898 est,
608 2841 706 2906 quum
718 2841 759 2882 ne
770 2841 887 2884 nomen
901 2821 1032 2910 quidem

115 2927 187 2990 cius
208 2925 348 2994 bominis
372 2921 540 3004 nouerim,
562 2943 667 3008 neque
690 2919 729 2986 ab
752 2943 791 2985 eo
816 2921 1031 3009 prius-laesus
1127 2982 1138 3000 ,

115 3050 188 3092 esse
205 3023 346 3114 possim,
368 3021 490 3112 quippe
506 3022 563 3110 qui
580 3020 738 3092 nihildum
754 3009 929 3108 ediderimq
956 3025 1028 3108 He,

112 3151 216 3218 quum
231 3129 271 3193 de
283 3125 399 3193 iisdem
412 3123 509 3190 rebus
525 3113 734 3210 disputarem,
751 3135 783 3187 et
797 3121 853 3190 illa
865 3123 1030 3212 legissem,

112 3256 153 3298 ca
190 3229 317 3296 silentio
348 3226 591 3317 praetermittere
618 3247 687 3320 ¹nou
718 3223 883 3312 potuisse,
917 3252 1028 3308 omncs
1151 3259 1156 3266 ·

111 3329 310 3417 concedent,
329 3329 438 3396 ridere
458 3349 577 3392 canon
597 3325 704 3414 potui,
725 3349 798 3396 nam
815 3329 925 3417 paullo
945 3355 1027 3396 coru·

112 3433 239 3500 motior
256 3451 355 3500 creme
370 3451 477 3518 neque
492 3438 598 3492 tamen
615 3427 777 3503 bominem
791 3428 907 3496 laedere
923 3435 1026 3514 volui,

113 3538 316 3608 sed,tantum
332 3529 481 3622 scriptori
497 3516 712 3623 exprobrare,
733 3553 813 3623 quae
830 3521 1026 3622 scripsissem

113 3649 225 3718 certe,
254 3633 284 3700 si
312 3656 402 3701 ossus
429 3627 475 3703 iti
504 3632 637 3713 aderit,
670 3641 706 3700 ut
734 3632 767 3696 in
796 3633 928 3701 meliora
950 3639 1025 3714 ‚etos

114 3739 236 3832 scripta
252 3735 409 3847 ipeidam,
426 3737 586 3832 spondere
601 3757 747 3827 possum,
764 3755 936 3826 numquam
953 3757 1024 3814 eum
