2628 4460
273 386 278 398 ’
296 396 379 472 254

118 605 124 618 ’
207 651 209 656 -
295 599 512 667 animadverto
524 643 536 682 ,
563 618 627 684 qno
658 595 758 682 magis
785 593 864 660 dlaii
890 614 985 658 error
1007 584 1204 656 continear-e·

297 716 359 770 tur.
407 700 624 767 Tzsehuclrins
655 700 741 763 enim
770 697 817 762 ihi
848 697 1044 761 demonstrat
1075 695 1205 758 insulan
1246 697 1247 762 Ϊ

297 808 386 874 ἱΙΙιιιι
429 805 513 892 apud
552 803 747 869 Strabonem
790 822 855 864 non
897 822 967 864 esse
1009 799 1205 862 scribendam
1242 825 1247 884 p

299 907 513 997 Taphiusam‚
545 929 605 971 nec
637 903 853 992 Taphiadcm,
886 902 943 966 sed
975 901 1205 987 Taphiuutenr,

217 1029 224 1042 ·
299 1022 392 1098 atque
410 1010 541 1097 insuper
555 1007 697 1073 nominat
710 1008 848 1096 Taphias
864 1004 985 1068 insulas
999 1013 1206 1090 montemque,

300 1113 356 1200 qui
374 1137 392 1177 a
410 1112 519 1176 Plinio
541 1110 597 1175 lih.
617 1109 773 1178 xxxvl.
796 1131 862 1194 cap.
881 1107 938 1170 21.
961 1129 986 1169 s.
1008 1106 1058 1170 59
1080 1116 1206 1169 vocatur

273 1283 275 1288 ,
300 1216 464 1303 Taphias,
501 1235 596 1301 quem
625 1213 668 1278 ait
698 1212 861 1277 commode
895 1231 990 1297 posse
1023 1207 1143 1274 referri
1171 1209 1206 1271 ad
1246 1211 1247 1280 ι

294 1317 437 1382 insulam
471 1317 638 1403 Taphum‚
673 1338 746 1378 nam
778 1313 823 1381 ita
839 1333 985 1400 -qnoque
1018 1309 1126 1380 insula
1157 1310 1207 1374 illa

266 1435 268 1438 ’
301 1419 491 1507 appellatur.
516 1450 549 1463 -
609 1417 656 1479 At
694 1415 788 1504 quale
828 1416 956 1478 tandem
997 1413 1081 1478 illud
1122 1415 1205 1478 iteri

301 1523 440 1588 Rectum
459 1521 528 1583 t'ere
545 1541 614 1583 esse
634 1519 836 1584 venientibus
848 1541 888 1581 ex
906 1517 1034 1599 oraculo
1050 1515 1205 1603 Delphico

302 1625 338 1690 in
359 1622 482 1691 ltaliam
511 1620 589 1688 dicit
616 1607 743 1702 hlaine}
771 1641 884 1684 verum
911 1641 976 1682 non
1001 1617 1035 1684 id
1061 1630 1112 1682 est
1133 1619 1205 1682 eius-

302 1726 411 1806 modi,
439 1723 524 1810 (prod
550 1723 619 1810 ipse
641 1721 793 1787 describit
815 1720 850 1783 in
866 1717 1082 1786 annotatione.
1127 1718 1205 1786 Sane

304 1827 390 1892 enirn
412 1825 550 1913 Delphis
581 1821 787 1904 Chalcidem,
815 1821 968 1886 Chalcide
991 1819 1027 1883 in
1055 1821 1208 1901 Curetas,

303 1930 377 1996 inde
398 1927 438 1990 ad
457 1927 577 1998 insulas
598 1924 778 2002 Echinades
793 1933 825 1986 et
840 1947 899 2010 per
912 1945 999 1992 mare
1018 1922 1207 2004 Crotonem,

305 2053 387 2118 qnae
411 2028 470 2092 sita
492 2037 539 2098 est
558 2028 641 2091 inter
666 2025 883 2113 promontoria
906 2023 1074 2094 Lacinium
1096 2035 1128 2089 et
1145 2024 1210 2090 Cri·

304 2133 414 2198 misam
433 2129 473 2196 ed
490 2129 620 2194 fluvium
637 2129 795 2196 Aesarnm
811 2137 899 2190 recto
918 2126 1033 2192 itinere
1050 2127 1209 2214 perveniri

304 2242 430 2326 potest,
452 2232 509 2295 sed
526 2230 667 2316 Taphins
687 2228 792 2293 insula
812 2252 877 2292 non
898 2238 945 2292 est
963 2227 1049 2293 inter
1069 2229 1209 2319 Delphos

306 2347 338 2402 et
358 2333 564 2415 Chalcidem,
599 2331 702 2397 uhi'
692 2355 726 2394 ιιι
755 2331 816 2396 hoc
848 2332 976 2396 oraculo
1008 2333 1139 2419 positus
1169 2341 1212 2398 est

306 2439 469 2527 Taphius,
493 2435 640 2524 quoniam
656 2435 761 2522 primo
781 2434 853 2497 loco
870 2433 1072 2519 nominatur3
1092 2436 1151 2498 sed
1170 2445 1212 2498 est

307 2542 346 2606 ad
378 2540 558 2604 Leucadem
587 2535 857 2624 promontorium,
891 2557 954 2623 quo
982 2536 1012 2600 si
1038 2483 1211 2622 diyscellus

305 2642 397 2730 prius
412 2644 527 2704 missus
541 2647 626 2702 esset
637 2637 791 2724 Delphis,
811 2659 904 2725 qnam
918 2636 1103 2702 Chalcidem
1113 2662 1246 2727 ‚pro-

307 2745 392 2810 lecto
410 2764 473 2804 non
493 2740 527 2802 in
545 2738 784 2856 sapientissimis
806 2762 878 2802 enm
897 2761 1080 2803 numerasse
1100 2735 1246 2829 Pythia

167 2909 171 2915 .
307 2846 479 2914 videretur.
522 2842 682 2905 Praeterea
707 2841 808 2905 miror
831 2827 952 2908 Maium
972 2863 1036 2905 non
1059 2843 1246 2910 offensum
1245 2867 1246 2968 p

197 3039 199 3042 Ι
310 2973 380 3016 esse
418 2943 632 3038 pronomine
643 2930 752 3018 οὗτος,
794 2967 891 3032 quum
919 2944 1083 3059 perfacile
1122 2931 1246 3011 luerit

309 3063 422 3142 poetae
452 3047 592 3114 scrihere
620 3029 701 3129 αὕτη
732 3041 788 3122 μὲν
817 3031 943 3129 Τάφιός
966 3066 1019 3110 τοι
1038 3035 1246 3134 ἀνήροτος,

310 3175 430 3240 nequo,
452 3151 479 3216 si
496 3173 590 3214 unam
603 3156 724 3211 tantum
733 3145 876 3254 aliquam
891 3146 1043 3216 maiorem
1057 3147 1215 3213 Gramma·

310 3251 405 3318 ticam
443 3252 585 3321 Graecam
623 3233 793 3315 evolvisset
827 3248 956 3329 Maius,
996 3271 1069 3313 enm
1107 3252 1216 3338 lugere

311 3355 488 3444 potuisset,
520 3356 560 3422 ad
587 3355 647 3418 hoc
678 3362 815 3442 tempus
829 3362 945 3437 praeter
970 3342 1026 3416 τόν
1051 3340 1218 3420 Ζάκυνθον

313 3456 430 3545 (Hom.
450 3455 513 3520 Od.
531 3457 558 3519 1.
579 3451 683 3538 nto.)
705 3477 769 3516 non
787 3475 855 3515 esse
874 3452 1007 3517 alterum
1024 3476 1042 3516 a
1059 3453 1218 3520 Gramma·

312 3559 385 3624 tieis
406 3557 567 3621 inventum
591 3575 708 3622 nomon
733 3554 854 3616 insulae
879 3555 1046 3620 masculini
1072 3559 1218 3644 generis,

315 3660 402 3753 qnod
428 3656 557 3747 quidem
582 3652 771 3717 terminetur
797 3653 920 3742 syllaba
946 3663 982 3736 o'}
1000 3695 1025 3708 -·
1044 3664 1103 3736 ou,
1127 3683 1164 3726 ac
1185 3681 1219 3722 ne

316 3763 406 3834 illam
431 3761 532 3851 ipsam
557 3755 685 3848 quidem
715 3753 786 3822 aliis
818 3757 1030 3848 scriptoribus
1052 3783 1130 3842 non
1159 3783 1220 3828 esse
