2628 4460
920 367 1084 448 259·
1241 363 1242 372 ‘

90 565 198 658 δῶρον
226 557 290 638 ‹5'3
318 569 402 658 διδῷ
431 594 481 649 τις
508 567 643 650 ἕπαίνέμ
671 567 873 663 ·Le0pardus
901 557 1006 641 voluit

90 673 198 760 παρὲκ
224 677 301 742 τεοῦ
328 689 359 742 et
387 669 428 742 ου’
454 667 559 760 καλτὲ,·
585 674 667 743 iliud
688 678 765 743 satis
794 679 922 766 inepte,
944 679 1006 742 boe

90 778 220 873 aptius,
242 780 306 843 uisi
329 772 413 872 καλαὶ
438 792 521 846 esset
544 783 723 874 trochaeus
752 781 886 846 Latinus
909 782 1007 846 inter·

88 903 171 968 pres
208 879 400 966 Strabonis,
440 907 535 972 quem
570 871 750 950 Gan-inum
784 884 1008 951 veronensem
1119 911 1123 924 ¹

90 1005 164 1046 esse
188 993 321 1070 putant,
343 987 394 1052 bis
417 986 473 1050 illa
497 987 650 1054 'versibus
676 987 839 1064 reddiditr
906 1017 908 1022 ·

103 1110 105 1116 ·
162 1087 269 1175 Terga
288 1090 397 1159 brevis
416 1090 590 1178 Myseelle,
611 1091 726 1155 tunde
747 1081 879 1178 peeto're
899 1090 1010 1156 mitte=

92 1189 214 1255 Cetera
245 1192 438 1280 perquirens
469 1193 610 1273 frustra,
645 1213 686 1256 en
718 1192 845 1259 venaris
878 1192 1009 1280 iniquae

91 1293 286 1359 Atrectum
311 1296 526 1384 quodeunque
556 1296 669 1378 datur,
691 1305 726 1360 tu
751 1295 846 1362 laude
865 1299 1011 1384 probate.

92 1398 138 1462 ita
171 1396 257 1460 enim
284 1397 343 1462 bos
376 1420 488 1465 versus
522 1398 657 1486 scriptos
689 1408 726 1462 et
747 1399 915 1462 distinctos
941 1419 1010 1462 esse

90 1498 191 1566 video
210 1499 245 1562 in
264 1499 441 1588 exemplari
460 1499 755 1566 Amsteiedanrensi
774 1525 823 1565 an.
836 1497 1010 1583 tfflctlt,

91 1626 161 1668 nou
184 1612 268 1684 ,‘,tuo
290 1603 478 1689 depectere
500 1605 627 1684 emitte,
641 1603 651 1682 li
663 1605 780 1668 Cetera
798 1604 1012 1690 perquirens,

94 1705 249 1789 „frustra
273 1727 314 1768 en
340 1704 466 1768 venaris
484 1704 595 1792 iniqua
618 1715 678 1768 ete.
689 1704 730 1785 ,“
751 1712 787 1768 ut
808 1705 919 1792 seripti
939 1716 1013 1770 sunt

92 1810 130 1874 iu
150 1807 289 1872 .Erasmi
317 1806 439 1894 adagiis
465 1817 497 1871 e't
524 1806 686 1895 Leoparrii
717 1808 1014 1890 emendationibuS,

93 1937 170 1976 narn
193 1910 252 1974 illa
278 1903 442 1982 distinctio
466 1919 514 1978 est
534 1912 629 1994 etiam
649 1912 683 1978 in
709 1921 819 1976 vetere
839 1909 1027 2000 exemplari

93 2041 172 2082 ann.
195 2013 478 2080 MGCCCLxxx
499 2014 608 2097 edito,
630 2038 690 2080 nee
712 2015 740 2078 si
762 2013 883 2078 ibidem
905 2013 1016 2078 emitte

94 2117 272 2199 scribitur,
293 2116 367 2182 ideo
387 2117 593 2184 scribendum
613 2128 683 2202 est,
703 2108 762 2194 sed
777 2118 805 2182 si
822 2141 936 2184 revera
954 2116 1017 2180 boe

93 2220 291 2287 vocabulum
310 2221 349 2284 ab
374 2221 552 2308 interprete
579 2221 780 2309 profectum,
804 2229 891 2284 eerte
911 2217 1017 2284 noluit

95 2323 266 2404 seribere,
280 2344 462 2418 'manusque
482 2326 636 2410 peeeavit.
658 2357 699 2368 -
721 2319 1018 2410 Expressit-autem

94 2426 209 2495 verbis
231 2435 316 2509 „tue
338 2426 377 2489 de
403 2436 535 2513 peetere
557 2428 648 2492 mitte
657 2427 678 2463 “
701 2449 759 2507 ea,
781 2449 861 2512 quae
886 2427 1018 2490 antebac
1047 2419 1049 2428 ¹
1073 2441 1076 2447 ⁴

94 2529 183 2619 apud
201 2527 397 2593 Strabonem
412 2528 652 2610 scribebantur,
669 2517 776 2615 πάρες
789 2525 896 2592 σέθεν.
922 2529 1019 2594 Hane

95 2634 293 2719 scripturam
318 2630 466 2696 vitiosam
497 2653 566 2694 esse
594 2641 695 2719 pute,
728 2640 760 2695 et
786 2651 895 2695 veram
922 2631 1020 2720 primi

94 2757 213 2802 versus
235 2758 304 2798 eam
323 2733 561 2814 tantummode,
585 2757 680 2822 quam
703 2715 842 2799 Diodori
862 2734 1020 2822 reliquiae

96 2836 317 2926 ¹sauppeditant.
375 2837 473 2925 Quod
510 2847 615 2902 autem
648 2838 688 2902 ad
706 2837 850 2904 ¹versum
884 2836 1020 2900 alterum

95 2943 234 3022 attinet,
250 2928 436 3023 κλαύματα,
455 2963 537 3027 quae
553 2961 640 3007 nune
657 2942 822 3006 confirmat
837 2939 1020 3018 Medores,

95 3048 165 3111 iam
202 3041 373 3128 scripserat
413 3044 534 3109 Coraes
568 3044 618 3108 vir
654 3042 877 3122 doctissimus,
923 3048 1021 3102 rtrum

97 3145 288 3214 coniectura
314 3168 354 3208 an
380 3147 490 3210 codiee
522 3143 632 3234 aliquo
663 3143 878 3230 manuscripto
907 3141 1026 3206 duetus
1090 3228 1093 3238 .

96 3273 163 3338 ego
198 3243 373 3310 diiudicare
409 3253 475 3316 neu
507 3273 639 3338 pessum
665 3277 673 3312 a
702 3256 775 3310 sunt
808 3247 1022 3324 miseranda,

95 3353 248 3444 lugenda
260 3397 271 3430 ,
301 3350 388 3414 mela
419 3350 520 3437 igitur
547 3362 579 3416 et
601 3353 716 3447 iniqua
743 3359 839 3438 atque
865 3351 1020 3413 adverse.

94 3461 154 3524 Ex
174 3455 235 3518 boc
253 3451 412 3517 voeabula
429 3455 627 3542 negligentia
646 3453 699 3518 vel
718 3451 856 3539 legentis
875 3452 929 3530 vel
946 3451 1022 3514 seri·

95 3558 212 3631 beatis
240 3557 358 3622 facturn
393 3567 442 3622 est
476 3547 667 3638 κλάσματα,
697 3557 784 3644 quod
812 3556 851 3618 in·
874 3552 1022 3642 plurimis

98 3658 279 3730 Strabonis
316 3659 480 3724 codicibus
511 3660 655 3746 inveniri
679 3659 818 3725 uidetur.
852 3644 1023 3733 uterinum

97 3767 334 3850 interpretatus
362 3769 430 3826 erat
452 3759 571 3853 aliquis
594 3757 779 3833 adscribens
803 3750 862 3824 etia
887 3747 1001 3838 ayant
1012 3779 1025 3838 5
1121 3816 1124 3828 ,

617 3898 620 3956 s
705 3901 714 3917 ,
