2660 4450
808 297 810 302 ’
928 326 1076 402 117¹

81 523 211 592 obiitus
236 525 429 598 Maiestam
450 509 485 593 iia
506 529 673 599 undecima
694 509 897 602 annotatione
918 531 957 602 ad
975 556 1006 618 p.

84 630 158 692 169
180 629 322 695 Eusebii
340 629 562 719 chronieorum
579 629 722 719 scripsit,
742 630 923 696 Diodorum
944 633 1007 696 for·
1083 701 1087 712 ,
1126 641 1129 650 ’

78 740 167 794 tasse
186 732 442 820 ausnexippum
460 733 703 820 intelligendum
722 757 806 816 esse,
828 733 926 820 quum
943 735 1008 798 Eu·

79 833 197 924 sebius
228 834 364 899 diecreta
411 833 495 902 Tum
516 839 633 922 paucis
656 838 857 922 interpositis
880 835 1007 917 subdit,

78 935 206 1006 turnin
223 937 282 1002 bae
296 937 380 1024 ipsa,
403 962 497 1025 quam
510 961 606 1025 supra
619 939 730 1026 posui,
752 939 950 1002 annotatione
966 938 1007 1002 ad

79 1036 272 1102 Diodorum
291 1040 367 1104 bine
383 1039 511 1112 dentum
528 1063 607 1122 uos,
627 1041 687 1120 ait,
699 1027 797 1106 ¹'certo
814 1061 1007 1129 cognoscere

49 1207 52 1214 ⁴
79 1148 153 1202 toto
166 1139 239 1204 illo
259 1141 381 1229 eapite,
404 1142 492 1230 quod
509 1153 556 1208 est
574 1143 615 1211 de
631 1143 841 1209 Macedonum
858 1141 1008 1228 regibus,

80 1241 268 1314 Eusebium
280 1243 434 1311 historico
448 1245 493 1310 uti
507 1245 662 1311 Diodoro.
683 1245 758 1308 Hoc
771 1242 857 1308 euim
871 1241 922 1311 vel
936 1252 1007 1307 ante

79 1342 138 1408 bas
156 1345 303 1410 Diodori
320 1346 474 1438 reliquias
492 1348 638 1414 inventas
650 1346 791 1411 'dubium
812 1343 1008 1409 incertumve
1052 1375 1067 1386 ’Δ

36 1502 40 1512 .
81 1467 155 1510 esse
184 1469 254 1512 non
280 1459 424 1536 poterat,
454 1472 552 1536 quum
575 1447 736 1514 Eusebius
762 1447 831 1534 ipse
858 1445 1008 1524 dixisset,

79 1571 149 1636 qno
162 1560 298 1630 auctore
310 1562 462 1615 uteretur.
478 1589 510 1598 -·
532 1551 572 1618 Si
584 1561 688 1616 autem
698 1550 857 1615 Eusebius
868 1547 1009 1613 Diodori

76 1651 186 1714 verba
203 1651 266 1712 lroc
283 1651 356 1714 loco
369 1651 494 1740 posuit,
517 1663 549 1725 et
566 1675 618 1733 ea,
640 1651 758 1737 quaein
773 1649 1008 1736 reliqniisliio·

4 1823 5 1828 *
78 1751 162 1816 dori
172 1749 344 1812 Vaticanis
357 1749 554 1837 reperimus,
576 1749 736 1816 simillima
750 1759 822 1832 sunt
833 1749 1007 1812 Diodoreis

77 1851 174 1934 illis,
199 1874 270 1940 quae
291 1861 365 1918 sunt
386 1851 470 1938 apud
487 1851 682 1932 Eusebium,
705 1849 854 1937 equidem
875 1873 940 1914 uon
961 1848 1008 1913 in·
1022 1855 1040 1910 f
1084 1840 1086 1846 '

78 1955 225 2040 tellipo,
247 1977 310 2040 quo
325 1963 418 2042 paeto
431 1957 548 2041 negare
565 1952 723 2041 possimus
739 1951 1017 2036 oraculum-illud,
1058 2013 1062 2028 2

81 2057 176 2145 quod
200 2053 359 2142 Eusebius
380 2056 599 2144 praetermisit,
628 2077 696 2132 esse
718 2054 751 2118 id
773 2053 898 2142 ipsum,
917 2053 1010 2143 cuius

80 2159 186 2224 verba
201 2157 237 2225 in
250 2156 397 2244 reliquiis
410 2151 577 2231 Vaticanis
590 2154 805 2241 inveniuntur.
827 2153 916 2219 Fieri
927 2179 1007 2244 sane

39 2343 40 2348 η
81 2263 213 2348 potest,
235 2270 270 2323 ut
285 2257 409 2324 Carano
426 2260 547 2324 editum
564 2252 636 2322 e'sse
650 2257 732 2322 illud
750 2257 928 2344 oraculum,
950 2258 1007 2324 ulii

83 2360 181 2442 multi
198 2361 407 2443 tradiderint,
429 2360 477 2425 uti
494 2359 661 2440 tradidisse
679 2358 820 2425 videmus
834 2358 1006 2441 lustinum,

84 2465 152 2548 sed
161 2463 331 2528 Diodorus
350 2463 411 2526 hoo
429 2463 519 2544 loeo,
540 2461 596 2528 ubi
618 2462 657 2525 de
678 2483 780 2547 regno
797 2461 1006 2526 Macedonico

84 2600 103 2639 a
114 2575 247 2640 Carano
258 2563 432 2639 constituto
446 2581 477 2636 ct
491 2573 530 2636 de
543 2570 656 2660 primis
666 2571 863 2654 Macedoniae
874 2571 1006 2658 regibus

85 2683 253 2774 loquitur,
274 2668 336 2750 boc
350 2689 415 2747 uon
431 2682 523 2748 dixit.
559 2681 718 2747 Eusebius
736 2681 836 2766 enirir,
857 2683 914 2748 ubi
928 2683 1007 2746 Dio·

88 2793 160 2868 dori
176 2793 277 2864 verba
296 2793 429 2884 repetit,
451 2815 515 2856 non
533 2793 719 2879 profitetur,
740 2815 775 2856 se
797 2804 869 2879 post
887 2791 1007 2856 Carani

87 2886 285 2970 mentionem
304 2905 446 2994 quaedam
466 2902 629 2986 omittere,
652 2903 738 2990 quod
755 2912 859 2982 tannen
876 2900 954 2996 facit
971 2901 1007 2964 in

88 3013 258 3097 Perdicca,
273 3015 424 3103 quodque
436 3013 513 3075 fecit
526 3013 560 3076 in
574 3013 681 3078 verbis
693 3012 733 3074 de
747 3034 847 3096 regno
857 3009 1007 3097 Assyrio,
1035 3027 1036 3032 ’
1060 3051 1067 3062 ·
1165 3091 1170 3098 .

92 3149 162 3212 quae
184 3149 202 3190 e
221 3124 362 3195 Diodori·
380 3122 583 3188 Bibliotheca
604 3119 789 3209 desumpsit.
832 3120 943 3208 ltaque
965 3145 1007 3185 ne
1024 3114 1034 3225 i
1061 3165 1064 3170 -
1168 3184 1171 3196 ,
1199 3159 1202 3170 ·

90 3257 203 3309 erroro
218 3235 353 3324 ,quidem
372 3233 560 3299 Perdiccam
586 3230 620 3294 in
641 3229 725 3297 libro
738 3214 906 3298 Vaticano
931 3233 1016 3298 seri·¹
1034 3237 1042 3312 ζ

91 3354 184 3432 ptum
199 3368 266 3409 esse
281 3369 339 3434 pro
356 3343 481 3412 Carano
499 3343 631 3406 eredere
642 3363 821 3430 possumus,
839 3367 908 3431 quar
922 3344 1008 3405 Due-

91 3453 187 3520 bneri
215 3455 322 3542 opinio
354 3465 507 3545 praeterea
536 3454 622 3518 omni
651 3465 737 3516 caret
766 3451 1009 3540 probabilitate,

93 3566 230 3634 alterum
258 3565 344 3629 enim
373 3563 551 3652 exemplum
579 3563 657 3628 mibi
683 3562 826 3628 ostendat
852 3561 1008 3627 eiusmodi

88 3669 214 3774 ¹erroris
224 3676 277 3744 vel
288 3675 323 3742 in
333 3673 498 3770 Vaticanis
509 3673 668 3762 reliquiis,
678 3673 730 3737 vel
742 3671 777 3738 in
788 3673 854 3738 illis
864 3671 1009 3762 partibus
