2660 4450
268 337 271 343 ’
303 334 387 460 ιιι

302 581 387 636 mum
399 555 556 622 decimum
567 564 671 622 autem
683 557 810 626 nominc
820 553 983 644 trigesimi
988 551 1076 618 lentii
1086 547 1211 626 Teleeli

300 661 387 747 regis
412 647 600 746 signaverat.
634 661 715 746 'qu
739 659 915 724 adscribam
931 673 1057 721 'annum
1080 655 1211 720 tertium

300 763 486 834 Alcamenis
504 763 608 850 regis,
628 787 692 826 non
715 759 784 826 sine
805 771 879 824 nota
901 757 1119 824 dubitationis.

305 866 308 874 ¹
341 865 404 934 His
430 862 806 946 autem,ita’eonstitutis
831 872 944 944 restat,
972 869 1008 924 ut
1032 854 1073 923 de
1096 857 1209 924 ordine

245 1032 250 1040 ,
299 967 396 1036 trium
410 951 538 1031 sslorum
552 968 699 1055 capitum,
710 987 777 1054 qno
788 965 1017 1052 quidqueleeo
1030 961 1210 1048 ponendum

206 1059 210 1074 ¹
300 1070 358 1150 sit,
381 1068 529 1134 dicamus.
557 1070 665 1156 Atque
681 1068 714 1131 id
731 1067 859 1155 quidem
876 1065 1028 1153 perfacile
1045 1065 1132 1134 dictu
1151 1075 1210 1146 est,

298 1171 487 1262 particulam
500 1170 598 1252 illam,
608 1193 697 1264 quac
712 1168 861 1238 eustatio
875 1165 1022 1254 reliquiis
1033 1165 1210 1263 Vaticanis,

300 1296 398 1369 quum
420 1270 592 1353 exciderit,
615 1267 683 1340 ubi
688 1267 879 1338 Eusebius
869 1294 904 1339 ιιι
925 1270 1031 1358 eapite
1048 1267 1088 1332 dc
1109 1292 1209 1384 regno

174 1363 179 1374 ⁸
296 1359 504 1444 Macedonico
521 1373 626 1449 verba
637 1397 694 1438 sua
709 1357 817 1460 posuit
834 1360 905 1436 atra
922 1389 982 1449 μιι
981 1361 1137 1456 ’dilys'
1119 1360 1209 1440 aad.

295 1493 358 1560 γει,
380 1474 466 1538 boe'
457 1499 529 1562 ipso
545 1476 616 1539 looo
636 1475 852 1562 reponendam
870 1495 957 1558 osscq
980 1473 1036 1536 sed
1049 1474 1149 1561 plura
1170 1497 1209 1538 ne

296 1577 491 1660 exciderint,
513 1601 553 1641 an
567 1578 629 1642 boc'
641 1587 763 1641 tautum
777 1577 956 1657 oraculum,
973 1575 1131 1658 incertum
1144 1587 1207 1661 est,

295 1678 323 1748 si
347 1680 457 1770 plura,
483 1656 581 1744 multa
597 1680 754 1804 prolecto
780 1702 845 1744 non
873 1680 1020 1761 fuerunt,
1048 1679 1207 1744 Eusebius

295 1782 382 1859 ιιιιίιιι
399 1783 476 1850 dicit
497 1773 565 1861 ιἰιι
584 1801 618 1848 ιι
611 1778 688 1867 ιἰα.
724 1783 885 1848 Pretorea
898 1781 1123 1872 inquirendum
1139 1805 1206 1852 esse

292 1885 438 1968 videtur,
460 1895 567 1951 utrum
589 1875 691 1950 tolum
710 1883 792 1948 illud
814 1892 923 1970 caput,
946 1884 1056 1972 quod
1055 1894 1104 1947 est
1124 1885 1205 1972 apud

292 1986 485 2068 Eusebium,
502 1989 563 2050 boc
578 1989 647 2050 loco
662 1986 806 2072 posuerit
818 1984 997 2065 Diodorus,
1013 1973 1206 2074 anlpriorem

291 2097 414 2150 tantum
431 2091 557 2172 parterii
572 2087 642 2172 ipsc
657 2087 701 2148 ita
720 2085 903 2176 scripserit,
925 2085 1086 2150 Eusebius
1106 2101 1205 2156 autem

292 2198 398 2253 cetera
425 2187 566 2274 undique
593 2185 816 2248 Bibliothecae
844 2185 1022 2272 conquisita
1049 2187 1084 2252 in
1112 2215 1205 2256 unum

290 2289 398 2358 locum
420 2289 634 2376 congesserit,
663 2298 694 2356 et
717 2312 780 2378 quo
803 2287 939 2376 (lenique
961 2289 1034 2356 loeo
1059 2295 1205 2380 ponenda

291 2392 355 2456 sint
373 2392 563 2474 verba'illa,
588 2416 657 2484 quae
674 2390 848 2480 Synccllus
863 2392 1010 2458 servavit
1029 2430 1061 2443 ψ
1089 2395 1204 2462 Omnia

288 2491 346 2564 illa
359 2495 420 2557 hoe
435 2494 508 2561 looo
524 2486 690 2582 scripsisse
704 2495 902 2576 Diodorum,
925 2494 979 2560 vix
994 2494 1073 2564 mibi
1088 2507 1205 2588 tempe·

288 2595 373 2677 ravi,
392 2597 470 2683 quin
484 2597 579 2684 plane
592 2621 760 2683 negarem,
776 2606 806 2660 et
820 2596 1012 2683 quicumque
1024 2599 1205 2668 Iliadorum

180 2748 202 2764 .,
288 2699 371 2762 bene
387 2699 600 2786 ‚cognoverit,
629 2722 695 2763 non
719 2699 824 2762 minus
854 2721 925 2764 eum
948 2687 1144 2786 propensum
1166 2704 1204 2768 ad

287 2802 466 2888 negandum
483 2801 553 2864 lore
569 2801 706 2863 conlido.
748 2800 863 2886 Neque
880 2798 965 2864 enim
981 2802 1140 2868 credibile
1157 2816 1205 2870 est

288 2905 475 2986 admodum,
501 2901 535 2969 iu
559 2910 643 2966 tanta
665 2901 756 2988 copia
780 2923 889 2972 rerum
912 2910 1039 2990 tamque
1061 2909 1204 2992 angustis

287 3007 481 3080 narrationis
502 3005 618 3074 linibus
642 3027 713 3092 eum
733 3003 809 3068 talia
828 3003 878 3070 bis
900 3003 953 3068 vel
974 3005 1069 3070 ctiam
1088 3016 1139 3071 ter
1156 3034 1203 3076 rc·

267 3108 409 3181 ‚tulisse
442 3109 552 3196 Quium
566 3117 671 3172 tamen
685 3107 750 3171 sint
764 3105 904 3192 «quaedam
917 3107 1068 3194 vestigia,
1086 3101 1203 3204 quibus

286 3209 420 3281 indicari
436 3211 579 3281 videatur
594 3233 661 3274 esse
675 3207 842 3298 probabile
855 3207 918 3269 boe
936 3207 1006 3272 loco
1021 3210 1203 3279 Diodorum

286 3333 409 3384 morem
430 3334 522 3381 suum
544 3311 774 3400 quodammodo
798 3307 1022 3396 reliquisse,
1012 3333 1074 3382 ram
1096 3339 1203 3403 operm

285 3411 425 3502 pretium
457 3413 518 3476 erit
548 3415 677 3500 singula
708 3411 893 3497 diligentius
923 3411 1137 3482 considerare.
1168 3459 1200 3468 -

172 3569 174 3574 .
285 3515 397 3584 Verba
413 3515 525 3602 prima
523 3505 630 3582 Meae
650 3504 707 3599 τῆν
727 3501 899 3580 κατάλυσιν
920 3513 979 3598 τῆς
999 3517 1062 3580 τῶν
1082 3509 1204 3583 Ἀσσυ-

286 3613 362 3707 pluo
389 3607 561 3702 ἡγεμονίας
588 3611 643 3684 καὶ
669 3603 724 3698 mir
753 3599 919 3678 coutetur
947 3609 1205 3704 Σαιιδαιαιιάλου

285 3718 348 3824 aad
364 3704 501 3804 ἐσχάτου
516 3710 677 3815 βασιλέως
690 3705 907 3802 Ἀσσυρίοιςι
877 3738 908 3784 ιιι
924 3675 1204 3789 adsiccandae
