2618 4458
198 856 217 897 ,·
298 841 301 850 “
330 825 374 897 F.
399 823 446 902 R.
474 829 515 906 G.
541 829 711 917 Rrelrsius

62 969 156 1093 alona
188 1009 383 1131 Philippo
411 1037 528 1136 putri
560 1030 708 1147 optimo
738 1007 973 1139 suavissimo

436 1221 472 1288 S.
493 1225 532 1290 r.-
555 1181 609 1294 n)

11 1387 13 1472 l
56 1437 176 1534 Multo
198 1467 337 1562 tardius,-
367 1499 460 1569 quam
482 1501 617 1582 uterque
640 1507 783 1571 nostrum
806 1513 968 1600 sperabat,

11 1567 14 1632 i
56 1573 192 1637 offertur
215 1578 273 1642 tibi
299 1581 359 1648 hoe
385 1587 610 1661 documentum
636 1604 763 1688 pietatis
788 1636 873 1679 nreae.
918 1617 968 1680 Τιι

11 1633 14 1696 l
54 1674 184 1758 quidem
210 1679 244 1742 id
270 1681 331 1746 ianr
359 1690 483 1773 pridem
513 1699 731 1790 efflagitatus,
760 1731 865 1802 neque
889 1741 967 1805 ego,

12 1765 13 1838 l
51 1798 268 1862 quamquam,
297 1797 332 1846 ut
358 1791 442 1879 scia,
469 1797 710 1889 haudquaquam
737 1811 765 1874 is
793 1840 878 1898 sum,
912 1822 968 1908 qui

48 1873 178 1935 temere
198 1870 320 1962 aliquid
338 1885 372 1945 in
390 1887 493 1952 lucem
514 1897 608 1960 edere
627 1906 776 1988 gestiam,
798 1914 860 1977 iam
878 1919 983 1984 iustis'

47 1972 136 2055 tuis,
165 1984 202 2036 ut
227 1977 435 2064 videbantur,
463 1991 734 2068 adhortationibus
762 2011 967 2086 obnitendum

11 2103 12 2112 ¹
46 2097 122 2138 esse
147 2079 314 2163 putabam,
345 2091 520 2168 praesertim
543 2119 643 2182 quum
669 2104 810 2174 viderem
834 2122 964 2186 omnino

46 2178 181 2264 publice
206 2177 282 2245 milri
308 2207 379 2248 esse
403 2189 582 2288 perieulum
606 2201 807 2295 laciendum,
836 2218 863 2280 si
887 2224 964 2310 quid
1030 2273 1034 2287 ι

11 2361 12 2366 ¹
47 2291 100 2344 ant
128 2281 261 2368 ingenio
292 2295 346 2348 aut
374 2292 551 2360 eruditione
578 2324 724 2390 possem,
759 2313 878 2404 quippe
906 2325 962 2410 qui

11 2377 12 2452 ζ
47 2379 249 2448 communem
266 2389 503 2460 candidatorum
518 2421 645 2467 cursum
662 2407 831 2481 decurrere
843 2425 961 2491 noluis-

11 2459 12 2538 i
47 2511 130 2568 som,
155 2497 187 2550 et
206 2488 267 2551 iam
286 2489 390 2556 omnia
409 2495 567 2566 elaborata
587 2516 619 2566 et
634 2523 740 2596 parata
756 2533 862 2604 erant,
886 2549 959 2594 eece

11 2635 12 2676 p
46 2589 105 2652 tini
129 2589 464 2676 redemptoremlibri
488 2601 653 2692 utriusque
674 2635 762 2699 spem
784 2620 963 2716 fallentem

11 2697 12 2700 ’
44 2692 151 2776 primo
167 2711 271 2755 moras
289 2705 482 2780 nectentem,
502 2703 634 2790 deinde,
653 2737 749 2799 quum
763 2745 822 2807 per
837 2727 959 2817 aliquot

43 2785 170 2856 mens'es
198 2817 267 2856 rem
295 2795 458 2881 duxisset,
487 2801 694 2894 incipientem
723 2822 871 2910 quidem,
901 2816 957 2900 aed

44 2895 123 2958 adeo
150 2915 215 2958 non
237 2897 439 2966 festinantem
461 2927 558 2992 opus,
586 2925 620 2975 ut
641 2915 725 2983 laune
748 2927 898 3012 exiguum
920 2935 956 2998 li-

11 3023 24 3050 ,·
43 2995 166 3062 bellum
188 2997 241 3063 vir
265 2998 350 3065 intra
376 3007 515 3093 quinque
534 3017 678 3082 mensum
699 3027 834 3109 spatium
854 3033 956 3100 absol-

18 3068 141 3203 la-eret.
177 3093 635 3190 Accipe‘igitur'retardatum
655 3133 686 3184 et
707 3112 772 3210 (ita
794 3131 838 3195 dii
862 3135 955 3204 dedc-

11 3255 13 3272 ,
40 3199 131 3282 rint)
154 3205 326 3288 gratiorem
348 3209 482 3276 sortasse
506 3215 574 3302 ipsa
597 3245 703 3308 mora,
726 3253 818 3318 quarn
839 3239 953 3310 sinon

11 3275 19 3408 l
42 3301 98 3364 diu
124 3307 320 3398 multumque
343 3311 539 3382 desideratus
561 3334 652 3389 esset.

11 3409 19 3442 ‚.

102 3507 182 3573 Non
193 3507 339 3602 ignoras,
359 3545 428 3609 quae
442 3535 492 3587 rire
507 3549 606 3594 causae
619 3534 842 3628 reluctantem,
857 3573 951 3636 quarn

44 3631 178 3694 graves,
208 3637 303 3702 quarn
329 3629 514 3692 neocesariae
539 3631 745 3725 impulerint,
773 3657 807 3712 ut
834 3647 953 3738 aliquid

44 3711 301 3802 conscriberem
332 3729 501 3798 meministi
527 3744 558 3800 te
580 3739 686 3827 ipsum
707 3744 742 3808 id
763 3770 846 3837 saepe
870 3753 914 3818 ita
934 3780 953 3822 a
