<?xml version="1.0" encoding="UTF-8"?>
<!DOCTYPE html PUBLIC "-//W3C//DTD XHTML 1.0 Transitional//EN"
    "http://www.w3.org/TR/xhtml1/DTD/xhtml1-transitional.dtd">
<html xmlns="http://www.w3.org/1999/xhtml" xml:lang="en" lang="en">
 <head>
  <title>
</title>
<meta http-equiv="Content-Type" content="text/html;charset=utf-8" />
  <meta name='ocr-system' content='tesseract 3.04.00' />
  <meta name='ocr-capabilities' content='ocr_page ocr_carea ocr_par ocr_line ocrx_word'/>
</head>
<body>
  <div class='ocr_page' id='page_1' title='image "./lectionesdiodor01krebgoog_0016.png"; bbox 0 0 2618 4458; ppageno 0'>
   <div class='ocr_carea' id='block_1_1' title="bbox 969 413 1018 478">
    <p class='ocr_par' dir='ltr' id='par_1_1' title="bbox 969 413 1018 478">
     <span class='ocr_line' id='line_1_1' title="bbox 969 413 1018 478; baseline 0 0"><span class='ocrx_word' id='word_1_1' title='bbox 969 413 1018 478; x_wconf 77' lang='lat' dir='ltr'><strong>xl</strong></span> 
     </span>
    </p>
   </div>
   <div class='ocr_carea' id='block_1_2' title="bbox 69 583 1096 3754">
    <p class='ocr_par' dir='ltr' id='par_1_2' title="bbox 69 583 1096 3035">
     <span class='ocr_line' id='line_1_2' title="bbox 110 583 1019 688; baseline 0.002 -24"><span class='ocrx_word' id='word_1_2' title='bbox 110 601 326 688; x_wconf 72' lang='lat' dir='ltr'><strong>antiquitatem</strong></span> <span class='ocrx_word' id='word_1_3' title='bbox 344 622 445 684; x_wconf 84' lang='lat' dir='ltr'><strong>ames,</strong></span> <span class='ocrx_word' id='word_1_4' title='bbox 465 600 511 666; x_wconf 85' lang='lat' dir='ltr'><strong>alr·</strong></span> <span class='ocrx_word' id='word_1_5' title='bbox 522 583 572 666; x_wconf 85' lang='lat' dir='ltr'><strong>lis</strong></span> <span class='ocrx_word' id='word_1_6' title='bbox 589 601 761 688; x_wconf 78' lang='lat' dir='ltr'><strong>abhorreas</strong></span> <span class='ocrx_word' id='word_1_7' title='bbox 775 620 809 646; x_wconf 90' lang='lat'><strong>·-</strong></span> <span class='ocrx_word' id='word_1_8' title='bbox 818 648 829 682; x_wconf 89' lang='lat'><strong>,</strong></span> <span class='ocrx_word' id='word_1_9' title='bbox 840 601 897 664; x_wconf 88' lang='lat' dir='ltr'><strong>sed</strong></span> <span class='ocrx_word' id='word_1_10' title='bbox 911 612 1019 668; x_wconf 90' lang='lat' dir='ltr'><strong>tamen</strong></span> 
     </span>
     <span class='ocr_line' id='line_1_3' title="bbox 110 701 1021 792; baseline 0.003 -26"><span class='ocrx_word' id='word_1_11' title='bbox 110 727 171 768; x_wconf 91' lang='lat' dir='ltr'><strong>non</strong></span> <span class='ocrx_word' id='word_1_12' title='bbox 200 705 272 791; x_wconf 85' lang='lat' dir='ltr'><strong>pani</strong></span> <span class='ocrx_word' id='word_1_13' title='bbox 302 701 404 769; x_wconf 77' lang='lat' dir='ltr'><strong>studio</strong></span> <span class='ocrx_word' id='word_1_14' title='bbox 435 728 488 768; x_wconf 86' lang='lat' dir='ltr'><strong>eas</strong></span> <span class='ocrx_word' id='word_1_15' title='bbox 519 705 743 792; x_wconf 64' lang='lat' dir='ltr'><strong>amplecterisg</strong></span> <span class='ocrx_word' id='word_1_16' title='bbox 773 728 825 768; x_wconf 89' lang='lat' dir='ltr'><strong>mc</strong></span> <span class='ocrx_word' id='word_1_17' title='bbox 854 715 933 769; x_wconf 81' lang='lat' dir='ltr'><strong>&#39;vcro</strong></span> <span class='ocrx_word' id='word_1_18' title='bbox 965 727 1021 769; x_wconf 84' lang='lat' dir='ltr'><strong>eae</strong></span> 
     </span>
     <span class='ocr_line' id='line_1_4' title="bbox 110 806 1023 900; baseline 0.004 -32"><span class='ocrx_word' id='word_1_19' title='bbox 110 806 242 870; x_wconf 87' lang='lat' dir='ltr'><strong>mirifice</strong></span> <span class='ocrx_word' id='word_1_20' title='bbox 261 806 436 889; x_wconf 84' lang='lat' dir='ltr'><strong>oblectant,</strong></span> <span class='ocrx_word' id='word_1_21' title='bbox 458 831 518 872; x_wconf 85' lang='lat' dir='ltr'><strong>uec</strong></span> <span class='ocrx_word' id='word_1_22' title='bbox 536 807 613 872; x_wconf 85' lang='lat' dir='ltr'><strong>milri</strong></span> <span class='ocrx_word' id='word_1_23' title='bbox 632 807 753 894; x_wconf 86' lang='lat' dir='ltr'><strong>gratius</strong></span> <span class='ocrx_word' id='word_1_24' title='bbox 771 831 917 894; x_wconf 84' lang='lat' dir='ltr'><strong>nmquam</strong></span> <span class='ocrx_word' id='word_1_25' title='bbox 935 809 1023 900; x_wconf 81' lang='lat' dir='ltr'><strong>quic-</strong></span> 
     </span>
     <span class='ocr_line' id='line_1_5' title="bbox 110 909 1023 998; baseline 0.004 -26"><span class='ocrx_word' id='word_1_26' title='bbox 110 931 204 995; x_wconf 86' lang='lat' dir='ltr'><strong>quam</strong></span> <span class='ocrx_word' id='word_1_27' title='bbox 228 909 297 972; x_wconf 84' lang='lat' dir='ltr'><strong>lieri</strong></span> <span class='ocrx_word' id='word_1_28' title='bbox 325 911 451 997; x_wconf 89' lang='lat' dir='ltr'><strong>potnit,</strong></span> <span class='ocrx_word' id='word_1_29' title='bbox 481 933 577 998; x_wconf 86' lang='lat' dir='ltr'><strong>quarn</strong></span> <span class='ocrx_word' id='word_1_30' title='bbox 604 910 688 996; x_wconf 89' lang='lat' dir='ltr'><strong>quod</strong></span> <span class='ocrx_word' id='word_1_31' title='bbox 712 912 772 974; x_wconf 78' lang='lat' dir='ltr'><strong>linc</strong></span> <span class='ocrx_word' id='word_1_32' title='bbox 801 933 915 973; x_wconf 87' lang='lat' dir='ltr'><strong>munus</strong></span> <span class='ocrx_word' id='word_1_33' title='bbox 943 910 1023 976; x_wconf 82' lang='lat' dir='ltr'><strong>mihi</strong></span> 
     </span>
     <span class='ocr_line' id='line_1_6' title="bbox 110 1011 1023 1104; baseline 0.007 -32"><span class='ocrx_word' id='word_1_34' title='bbox 110 1011 215 1074; x_wconf 82' lang='lat' dir='ltr'><strong>datum</strong></span> <span class='ocrx_word' id='word_1_35' title='bbox 237 1013 338 1076; x_wconf 83' lang='lat' dir='ltr'><strong>estin</strong></span> <span class='ocrx_word' id='word_1_36' title='bbox 360 1014 421 1077; x_wconf 87' lang='lat' dir='ltr'><strong>hoo</strong></span> <span class='ocrx_word' id='word_1_37' title='bbox 435 1012 520 1104; x_wconf 82' lang='lat' dir='ltr'><strong>¹ludo</strong></span> <span class='ocrx_word' id='word_1_38' title='bbox 546 1014 726 1095; x_wconf 76' lang='lat' dir='ltr'><strong>litterario,</strong></span> <span class='ocrx_word' id='word_1_39' title='bbox 745 1023 782 1076; x_wconf 89' lang='lat' dir='ltr'><strong>ut</strong></span> <span class='ocrx_word' id='word_1_40' title='bbox 803 1037 855 1076; x_wconf 90' lang='lat' dir='ltr'><strong>cas</strong></span> <span class='ocrx_word' id='word_1_41' title='bbox 875 1013 1023 1078; x_wconf 76' lang='lat' dir='ltr'><strong>docerem</strong></span> 
     </span>
     <span class='ocr_line' id='line_1_7' title="bbox 111 1114 1023 1182; baseline 0.004 -6"><span class='ocrx_word' id='word_1_42' title='bbox 111 1115 221 1177; x_wconf 85' lang='lat' dir='ltr'><strong>et&#39;lrac</strong></span> <span class='ocrx_word' id='word_1_43' title='bbox 243 1114 453 1180; x_wconf 86' lang='lat' dir='ltr'><strong>saluberrima</strong></span> <span class='ocrx_word' id='word_1_44' title='bbox 478 1117 625 1181; x_wconf 84' lang='lat' dir='ltr'><strong>doctrina</strong></span> <span class='ocrx_word' id='word_1_45' title='bbox 646 1118 883 1182; x_wconf 74' lang='lat' dir='ltr'><strong>adolescentum</strong></span> <span class='ocrx_word' id='word_1_46' title='bbox 902 1115 1023 1180; x_wconf 83' lang='lat' dir='ltr'><strong>animos</strong></span> 
     </span>
     <span class='ocr_line' id='line_1_8' title="bbox 111 1212 1096 1316; baseline 0.004 -38"><span class='ocrx_word' id='word_1_47' title='bbox 111 1212 279 1283; x_wconf 81' lang='lat' dir='ltr'><strong>erudirem.</strong></span> <span class='ocrx_word' id='word_1_48' title='bbox 313 1243 419 1307; x_wconf 91' lang='lat' dir='ltr'><strong>neque</strong></span> <span class='ocrx_word' id='word_1_49' title='bbox 442 1229 547 1284; x_wconf 87' lang='lat' dir='ltr'><strong>tamen</strong></span> <span class='ocrx_word' id='word_1_50' title='bbox 570 1220 674 1284; x_wconf 87' lang='lat' dir='ltr'><strong>minus</strong></span> <span class='ocrx_word' id='word_1_51' title='bbox 694 1244 745 1284; x_wconf 91' lang='lat' dir='ltr'><strong>me</strong></span> <span class='ocrx_word' id='word_1_52' title='bbox 767 1219 904 1284; x_wconf 83' lang='lat' dir='ltr'><strong>oblectat</strong></span> <span class='ocrx_word' id='word_1_53' title='bbox 927 1219 1024 1282; x_wconf 85' lang='lat' dir='ltr'><strong>studi·</strong></span> <span class='ocrx_word' id='word_1_54' title='bbox 1083 1295 1096 1316; x_wconf 40' lang='grc' dir='ltr'><em>ο</em></span> 
     </span>
     <span class='ocr_line' id='line_1_9' title="bbox 110 1321 1024 1412; baseline 0.003 -31"><span class='ocrx_word' id='word_1_55' title='bbox 110 1341 164 1388; x_wconf 88' lang='lat' dir='ltr'><strong>um</strong></span> <span class='ocrx_word' id='word_1_56' title='bbox 185 1344 293 1386; x_wconf 84' lang='lat' dir='ltr'><strong>rerum</strong></span> <span class='ocrx_word' id='word_1_57' title='bbox 316 1323 726 1410; x_wconf 83' lang='lat' dir='ltr'><strong>antiquarumcognitionis</strong></span> <span class='ocrx_word' id='word_1_58' title='bbox 746 1321 1024 1412; x_wconf 82' lang='lat' dir='ltr'><strong>accuratissimac,</strong></span> 
     </span>
     <span class='ocr_line' id='line_1_10' title="bbox 111 1420 1026 1513; baseline 0.002 -29"><span class='ocrx_word' id='word_1_59' title='bbox 111 1420 198 1484; x_wconf 81' lang='lat' dir='ltr'><strong>cuius</strong></span> <span class='ocrx_word' id='word_1_60' title='bbox 226 1424 275 1485; x_wconf 86' lang='lat' dir='ltr'><strong>rei</strong></span> <span class='ocrx_word' id='word_1_61' title='bbox 299 1433 397 1487; x_wconf 87' lang='lat' dir='ltr'><strong>testes</strong></span> <span class='ocrx_word' id='word_1_62' title='bbox 422 1424 507 1494; x_wconf 82' lang='lat' dir='ltr'><strong>facio</strong></span> <span class='ocrx_word' id='word_1_63' title='bbox 530 1427 586 1490; x_wconf 88' lang='lat' dir='ltr'><strong>has</strong></span> <span class='ocrx_word' id='word_1_64' title='bbox 610 1426 718 1513; x_wconf 83' lang='lat' dir='ltr'><strong>ipsas,</strong></span> <span class='ocrx_word' id='word_1_65' title='bbox 746 1449 825 1512; x_wconf 89' lang='lat' dir='ltr'><strong>quas</strong></span> <span class='ocrx_word' id='word_1_66' title='bbox 851 1424 912 1487; x_wconf 80' lang='lat' dir='ltr'><strong>tibi</strong></span> <span class='ocrx_word' id='word_1_67' title='bbox 929 1447 1026 1486; x_wconf 56' lang='lat' dir='ltr'><strong>‘nunc</strong></span> 
     </span>
     <span class='ocr_line' id='line_1_11' title="bbox 111 1525 1026 1619; baseline 0.002 -33"><span class='ocrx_word' id='word_1_68' title='bbox 111 1526 212 1612; x_wconf 81' lang='lat' dir='ltr'><strong>offero</strong></span> <span class='ocrx_word' id='word_1_69' title='bbox 228 1525 385 1612; x_wconf 79' lang='lat' dir='ltr'><strong>primitias</strong></span> <span class='ocrx_word' id='word_1_70' title='bbox 401 1527 580 1591; x_wconf 84' lang='lat' dir='ltr'><strong>studiorum</strong></span> <span class='ocrx_word' id='word_1_71' title='bbox 597 1551 748 1592; x_wconf 88' lang='lat' dir='ltr'><strong>meorum.</strong></span> <span class='ocrx_word' id='word_1_72' title='bbox 764 1565 800 1599; x_wconf 82' lang='lat'><strong>-·,</strong></span> <span class='ocrx_word' id='word_1_73' title='bbox 823 1527 1026 1619; x_wconf 73' lang='lat' dir='ltr'><strong>Quamquam</strong></span> 
     </span>
     <span class='ocr_line' id='line_1_12' title="bbox 111 1625 1027 1714; baseline 0.003 -26"><span class='ocrx_word' id='word_1_74' title='bbox 111 1635 215 1690; x_wconf 90' lang='lat' dir='ltr'><strong>autem</strong></span> <span class='ocrx_word' id='word_1_75' title='bbox 246 1626 415 1692; x_wconf 84' lang='lat' dir='ltr'><strong>dissimilia</strong></span> <span class='ocrx_word' id='word_1_76' title='bbox 444 1638 517 1692; x_wconf 88' lang='lat' dir='ltr'><strong>sunt</strong></span> <span class='ocrx_word' id='word_1_77' title='bbox 547 1641 655 1694; x_wconf 89' lang='lat' dir='ltr'><strong>nostra</strong></span> <span class='ocrx_word' id='word_1_78' title='bbox 683 1630 807 1712; x_wconf 90' lang='lat' dir='ltr'><strong>studia,</strong></span> <span class='ocrx_word' id='word_1_79' title='bbox 834 1642 866 1693; x_wconf 90' lang='lat' dir='ltr'><strong>et</strong></span> <span class='ocrx_word' id='word_1_80' title='bbox 892 1630 941 1710; x_wconf 89' lang='lat' dir='ltr'><strong>is,</strong></span> <span class='ocrx_word' id='word_1_81' title='bbox 971 1625 1027 1714; x_wconf 88' lang='lat' dir='ltr'><strong>qui</strong></span> 
     </span>
     <span class='ocr_line' id='line_1_13' title="bbox 112 1719 1033 1808; baseline 0.002 -18"><span class='ocrx_word' id='word_1_82' title='bbox 112 1728 191 1808; x_wconf 79' lang='lat' dir='ltr'><strong>alios</strong></span> <span class='ocrx_word' id='word_1_83' title='bbox 212 1729 358 1792; x_wconf 84' lang='lat' dir='ltr'><strong>homines</strong></span> <span class='ocrx_word' id='word_1_84' title='bbox 380 1729 468 1792; x_wconf 92' lang='lat' dir='ltr'><strong>nulla</strong></span> <span class='ocrx_word' id='word_1_85' title='bbox 488 1732 721 1795; x_wconf 84' lang='lat' dir='ltr'><strong>necessitudine</strong></span> <span class='ocrx_word' id='word_1_86' title='bbox 741 1719 826 1795; x_wconf 79' lang='lat' dir='ltr'><strong>inter</strong></span> <span class='ocrx_word' id='word_1_87' title='bbox 844 1755 878 1794; x_wconf 92' lang='lat' dir='ltr'><strong>se</strong></span> <span class='ocrx_word' id='word_1_88' title='bbox 897 1728 1033 1793; x_wconf 71' lang='lat' dir='ltr'><strong>conium</strong></span> 
     </span>
     <span class='ocr_line' id='line_1_14' title="bbox 112 1830 1027 1918; baseline 0.001 -26"><span class='ocrx_word' id='word_1_89' title='bbox 112 1839 180 1893; x_wconf 88' lang='lat' dir='ltr'><strong>ctos</strong></span> <span class='ocrx_word' id='word_1_90' title='bbox 207 1833 247 1893; x_wconf 91' lang='lat' dir='ltr'><strong>ad</strong></span> <span class='ocrx_word' id='word_1_91' title='bbox 274 1853 425 1905; x_wconf 82' lang='lat' dir='ltr'><strong>summam</strong></span> <span class='ocrx_word' id='word_1_92' title='bbox 448 1830 695 1894; x_wconf 80' lang='lat' dir='ltr'><strong>familiaritatem</strong></span> <span class='ocrx_word' id='word_1_93' title='bbox 719 1833 874 1894; x_wconf 87' lang='lat' dir='ltr'><strong>adducere</strong></span> <span class='ocrx_word' id='word_1_94' title='bbox 900 1840 1027 1918; x_wconf 87' lang='lat' dir='ltr'><strong>potest,</strong></span> 
     </span>
     <span class='ocr_line' id='line_1_15' title="bbox 113 1929 1030 2016; baseline 0.002 -24"><span class='ocrx_word' id='word_1_95' title='bbox 113 1930 302 2006; x_wconf 84' lang='lat' dir='ltr'><strong>eorumdem</strong></span> <span class='ocrx_word' id='word_1_96' title='bbox 335 1929 512 1990; x_wconf 87' lang='lat' dir='ltr'><strong>studiorum</strong></span> <span class='ocrx_word' id='word_1_97' title='bbox 545 1953 653 2011; x_wconf 91' lang='lat' dir='ltr'><strong>amor,</strong></span> <span class='ocrx_word' id='word_1_98' title='bbox 683 1930 745 1992; x_wconf 89' lang='lat' dir='ltr'><strong>nisi</strong></span> <span class='ocrx_word' id='word_1_99' title='bbox 773 1931 862 1992; x_wconf 77' lang='lat' dir='ltr'><strong>alrest</strong></span> <span class='ocrx_word' id='word_1_100' title='bbox 890 1933 984 2016; x_wconf 87' lang='lat' dir='ltr'><strong>plane</strong></span> <span class='ocrx_word' id='word_1_101' title='bbox 1010 1953 1030 1994; x_wconf 89' lang='lat' dir='ltr'><strong>a</strong></span> 
     </span>
     <span class='ocr_line' id='line_1_16' title="bbox 112 2029 1042 2120; baseline 0.002 -26"><span class='ocrx_word' id='word_1_102' title='bbox 112 2031 224 2095; x_wconf 82' lang='lat' dir='ltr'><strong>nostra</strong></span> <span class='ocrx_word' id='word_1_103' title='bbox 238 2029 491 2113; x_wconf 70' lang='lat' dir='ltr'><strong>coniunctione„</strong></span> <span class='ocrx_word' id='word_1_104' title='bbox 514 2040 617 2094; x_wconf 88' lang='lat' dir='ltr'><strong>tamen</strong></span> <span class='ocrx_word' id='word_1_105' title='bbox 638 2055 701 2094; x_wconf 91' lang='lat' dir='ltr'><strong>non</strong></span> <span class='ocrx_word' id='word_1_106' title='bbox 724 2041 828 2096; x_wconf 86' lang='lat' dir='ltr'><strong>tantus</strong></span> <span class='ocrx_word' id='word_1_107' title='bbox 848 2041 913 2114; x_wconf 93' lang='lat' dir='ltr'><strong>est,</strong></span> <span class='ocrx_word' id='word_1_108' title='bbox 933 2056 1042 2120; x_wconf 76' lang='lat' dir='ltr'><strong>qnam·</strong></span> 
     </span>
     <span class='ocr_line' id='line_1_17' title="bbox 113 2133 1030 2220; baseline 0.004 -24"><span class='ocrx_word' id='word_1_109' title='bbox 113 2145 166 2196; x_wconf 88' lang='lat' dir='ltr'><strong>tus</strong></span> <span class='ocrx_word' id='word_1_110' title='bbox 194 2156 264 2196; x_wconf 89' lang='lat' dir='ltr'><strong>esse</strong></span> <span class='ocrx_word' id='word_1_111' title='bbox 290 2133 414 2220; x_wconf 78' lang='lat' dir='ltr'><strong>possit,</strong></span> <span class='ocrx_word' id='word_1_112' title='bbox 436 2133 618 2198; x_wconf 87' lang='lat' dir='ltr'><strong>memineris</strong></span> <span class='ocrx_word' id='word_1_113' title='bbox 637 2143 796 2210; x_wconf 89' lang='lat' dir='ltr'><strong>tutamen</strong></span> <span class='ocrx_word' id='word_1_114' title='bbox 821 2133 956 2220; x_wconf 80' lang='lat' dir='ltr'><strong>opinor,</strong></span> <span class='ocrx_word' id='word_1_115' title='bbox 978 2160 1030 2200; x_wconf 91' lang='lat' dir='ltr'><strong>me</strong></span> 
     </span>
     <span class='ocr_line' id='line_1_18' title="bbox 114 2234 1030 2325; baseline 0.005 -27"><span class='ocrx_word' id='word_1_116' title='bbox 114 2259 242 2322; x_wconf 87' lang='lat' dir='ltr'><strong>sempor</strong></span> <span class='ocrx_word' id='word_1_117' title='bbox 269 2257 397 2321; x_wconf 88' lang='lat' dir='ltr'><strong>operam</strong></span> <span class='ocrx_word' id='word_1_118' title='bbox 426 2234 572 2317; x_wconf 85' lang='lat' dir='ltr'><strong>dedisse,</strong></span> <span class='ocrx_word' id='word_1_119' title='bbox 594 2245 629 2298; x_wconf 92' lang='lat' dir='ltr'><strong>ut</strong></span> <span class='ocrx_word' id='word_1_120' title='bbox 655 2236 714 2299; x_wconf 90' lang='lat' dir='ltr'><strong>tibi</strong></span> <span class='ocrx_word' id='word_1_121' title='bbox 742 2238 925 2324; x_wconf 86' lang='lat' dir='ltr'><strong>placerent,</strong></span> <span class='ocrx_word' id='word_1_122' title='bbox 948 2261 1030 2325; x_wconf 85' lang='lat' dir='ltr'><strong>quae</strong></span> 
     </span>
     <span class='ocr_line' id='line_1_19' title="bbox 115 2335 1029 2424; baseline 0.002 -22"><span class='ocrx_word' id='word_1_123' title='bbox 115 2362 176 2424; x_wconf 85' lang='lat' dir='ltr'><strong>ego</strong></span> <span class='ocrx_word' id='word_1_124' title='bbox 202 2337 351 2400; x_wconf 84' lang='lat' dir='ltr'><strong>iecissem</strong></span> <span class='ocrx_word' id='word_1_125' title='bbox 373 2346 426 2399; x_wconf 87' lang='lat' dir='ltr'><strong>aut</strong></span> <span class='ocrx_word' id='word_1_126' title='bbox 451 2335 667 2422; x_wconf 77' lang='lat' dir='ltr'><strong>lahorassem3</strong></span> <span class='ocrx_word' id='word_1_127' title='bbox 690 2361 789 2424; x_wconf 71' lang='lat' dir='ltr'><strong>qnare</strong></span> <span class='ocrx_word' id='word_1_128' title='bbox 814 2341 908 2402; x_wconf 87' lang='lat' dir='ltr'><strong>ctiam</strong></span> <span class='ocrx_word' id='word_1_129' title='bbox 928 2362 1029 2423; x_wconf 88' lang='lat' dir='ltr'><strong>nunc,</strong></span> 
     </span>
     <span class='ocr_line' id='line_1_20' title="bbox 115 2439 1031 2526; baseline 0.003 -23"><span class='ocrx_word' id='word_1_130' title='bbox 115 2439 241 2516; x_wconf 80' lang='lat' dir='ltr'><strong>etiarnsi</strong></span> <span class='ocrx_word' id='word_1_131' title='bbox 271 2441 365 2504; x_wconf 79' lang='lat' dir='ltr'><strong>video</strong></span> <span class='ocrx_word' id='word_1_132' title='bbox 393 2439 621 2502; x_wconf 87' lang='lat' dir='ltr'><strong>alienissimum</strong></span> <span class='ocrx_word' id='word_1_133' title='bbox 652 2463 722 2504; x_wconf 85' lang='lat' dir='ltr'><strong>esso</strong></span> <span class='ocrx_word' id='word_1_134' title='bbox 744 2440 916 2526; x_wconf 76' lang='lat' dir='ltr'><strong>ingenium</strong></span> <span class='ocrx_word' id='word_1_135' title='bbox 941 2452 1031 2506; x_wconf 88' lang='lat' dir='ltr'><strong>tunm</strong></span> 
     </span>
     <span class='ocr_line' id='line_1_21' title="bbox 114 2541 1095 2630; baseline 0.004 -26"><span class='ocrx_word' id='word_1_136' title='bbox 114 2542 154 2604; x_wconf 78' lang='lat' dir='ltr'><strong>alr</strong></span> <span class='ocrx_word' id='word_1_137' title='bbox 172 2543 232 2604; x_wconf 89' lang='lat' dir='ltr'><strong>hac</strong></span> <span class='ocrx_word' id='word_1_138' title='bbox 252 2541 360 2604; x_wconf 83' lang='lat' dir='ltr'><strong>subtili</strong></span> <span class='ocrx_word' id='word_1_139' title='bbox 377 2564 412 2602; x_wconf 90' lang='lat' dir='ltr'><strong>ac</strong></span> <span class='ocrx_word' id='word_1_140' title='bbox 428 2563 517 2626; x_wconf 86' lang='lat' dir='ltr'><strong>paene</strong></span> <span class='ocrx_word' id='word_1_141' title='bbox 532 2541 626 2604; x_wconf 85' lang='lat' dir='ltr'><strong>anxia</strong></span> <span class='ocrx_word' id='word_1_142' title='bbox 644 2544 835 2605; x_wconf 86' lang='lat' dir='ltr'><strong>scrutatione</strong></span> <span class='ocrx_word' id='word_1_143' title='bbox 851 2553 1031 2630; x_wconf 88' lang='lat' dir='ltr'><strong>temporum</strong></span> <span class='ocrx_word' id='word_1_144' title='bbox 1093 2545 1095 2550; x_wconf 73' lang='grc'><strong>’</strong></span> 
     </span>
     <span class='ocr_line' id='line_1_22' title="bbox 69 2642 1030 2736; baseline 0.001 -29"><span class='ocrx_word' id='word_1_145' title='bbox 69 2723 78 2736; x_wconf 30' lang='grc' dir='ltr'>Ι</span> <span class='ocrx_word' id='word_1_146' title='bbox 116 2655 148 2707; x_wconf 86' lang='lat' dir='ltr'><strong>et</strong></span> <span class='ocrx_word' id='word_1_147' title='bbox 168 2649 276 2706; x_wconf 75' lang='lat' dir='ltr'><strong>cerrum</strong></span> <span class='ocrx_word' id='word_1_148' title='bbox 300 2642 520 2728; x_wconf 87' lang='lat' dir='ltr'><strong>antiquarum,</strong></span> <span class='ocrx_word' id='word_1_149' title='bbox 542 2652 648 2712; x_wconf 84' lang='lat' dir='ltr'><strong>tamen</strong></span> <span class='ocrx_word' id='word_1_150' title='bbox 659 2688 669 2722; x_wconf 88' lang='lat'><strong>,</strong></span> <span class='ocrx_word' id='word_1_151' title='bbox 690 2667 787 2730; x_wconf 90' lang='lat' dir='ltr'><strong>quum</strong></span> <span class='ocrx_word' id='word_1_152' title='bbox 805 2654 839 2712; x_wconf 86' lang='lat' dir='ltr'><strong>tu</strong></span> <span class='ocrx_word' id='word_1_153' title='bbox 859 2655 890 2708; x_wconf 86' lang='lat' dir='ltr'><strong>et</strong></span> <span class='ocrx_word' id='word_1_154' title='bbox 910 2646 1030 2710; x_wconf 88' lang='lat' dir='ltr'><strong>amicus</strong></span> 
     </span>
     <span class='ocr_line' id='line_1_23' title="bbox 115 2743 1030 2837; baseline 0.001 -27"><span class='ocrx_word' id='word_1_155' title='bbox 115 2745 162 2810; x_wconf 89' lang='lat' dir='ltr'><strong>sis</strong></span> <span class='ocrx_word' id='word_1_156' title='bbox 184 2745 325 2815; x_wconf 80' lang='lat' dir='ltr'><strong>historiae</strong></span> <span class='ocrx_word' id='word_1_157' title='bbox 346 2744 482 2837; x_wconf 79' lang='lat' dir='ltr'><strong>antiquae</strong></span> <span class='ocrx_word' id='word_1_158' title='bbox 494 2789 504 2824; x_wconf 83' lang='lat'>‚</span> <span class='ocrx_word' id='word_1_159' title='bbox 527 2766 632 2829; x_wconf 83' lang='lat' dir='ltr'><strong>neque</strong></span> <span class='ocrx_word' id='word_1_160' title='bbox 654 2743 785 2830; x_wconf 87' lang='lat' dir='ltr'><strong>ignores</strong></span> <span class='ocrx_word' id='word_1_161' title='bbox 793 2792 803 2826; x_wconf 84' lang='lat'><strong>,</strong></span> <span class='ocrx_word' id='word_1_162' title='bbox 827 2757 962 2832; x_wconf 87' lang='lat' dir='ltr'><strong>quantae</strong></span> <span class='ocrx_word' id='word_1_163' title='bbox 981 2747 1030 2827; x_wconf 87' lang='lat' dir='ltr'><strong>ci,</strong></span> 
     </span>
     <span class='ocr_line' id='line_1_24' title="bbox 116 2846 1066 2944; baseline 0.002 -34"><span class='ocrx_word' id='word_1_164' title='bbox 116 2848 173 2935; x_wconf 85' lang='lat' dir='ltr'><strong>qui</strong></span> <span class='ocrx_word' id='word_1_165' title='bbox 200 2847 235 2910; x_wconf 88' lang='lat' dir='ltr'><strong>in</strong></span> <span class='ocrx_word' id='word_1_166' title='bbox 265 2847 352 2932; x_wconf 78' lang='lat' dir='ltr'><strong>illam</strong></span> <span class='ocrx_word' id='word_1_167' title='bbox 382 2846 541 2931; x_wconf 84' lang='lat' dir='ltr'><strong>inquirat,</strong></span> <span class='ocrx_word' id='word_1_168' title='bbox 573 2847 777 2910; x_wconf 85' lang='lat' dir='ltr'><strong>offundantur</strong></span> <span class='ocrx_word' id='word_1_169' title='bbox 807 2849 1031 2927; x_wconf 76' lang='lat' dir='ltr'><strong>difficultatcS,</strong></span> <span class='ocrx_word' id='word_1_170' title='bbox 1063 2937 1066 2944; x_wconf 22' lang='grc' dir='ltr'><strong>Δ</strong></span> 
     </span>
     <span class='ocr_line' id='line_1_25' title="bbox 117 2947 1032 3035; baseline 0.001 -22"><span class='ocrx_word' id='word_1_171' title='bbox 117 2959 149 3013; x_wconf 89' lang='lat' dir='ltr'><strong>et</strong></span> <span class='ocrx_word' id='word_1_172' title='bbox 170 2947 323 3035; x_wconf 87' lang='lat' dir='ltr'><strong>prudenti</strong></span> <span class='ocrx_word' id='word_1_173' title='bbox 348 2947 453 3009; x_wconf 85' lang='lat' dir='ltr'><strong>studio</strong></span> <span class='ocrx_word' id='word_1_174' title='bbox 481 2947 659 3014; x_wconf 87' lang='lat' dir='ltr'><strong>litterarum</strong></span> <span class='ocrx_word' id='word_1_175' title='bbox 685 2949 797 3013; x_wconf 85' lang='lat' dir='ltr'><strong>ductus</strong></span> <span class='ocrx_word' id='word_1_176' title='bbox 822 2952 942 3013; x_wconf 87' lang='lat' dir='ltr'><strong>nullam</strong></span> <span class='ocrx_word' id='word_1_177' title='bbox 964 2973 1032 3014; x_wconf 88' lang='lat' dir='ltr'><strong>rem</strong></span> 
     </span>
    </p>

    <p class='ocr_par' dir='ltr' id='par_1_3' title="bbox 114 3049 1091 3754">
     <span class='ocr_line' id='line_1_26' title="bbox 115 3049 1031 3138; baseline 0.002 -24"><span class='ocrx_word' id='word_1_178' title='bbox 115 3063 181 3114; x_wconf 84' lang='lat' dir='ltr'><strong>tam</strong></span> <span class='ocrx_word' id='word_1_179' title='bbox 215 3050 463 3136; x_wconf 78' lang='lat' dir='ltr'><strong>pusillarnessc</strong></span> <span class='ocrx_word' id='word_1_180' title='bbox 492 3049 622 3130; x_wconf 83' lang='lat' dir='ltr'><strong>credas,</strong></span> <span class='ocrx_word' id='word_1_181' title='bbox 652 3074 745 3137; x_wconf 91' lang='lat' dir='ltr'><strong>quam</strong></span> <span class='ocrx_word' id='word_1_182' title='bbox 773 3075 838 3113; x_wconf 87' lang='lat' dir='ltr'><strong>non</strong></span> <span class='ocrx_word' id='word_1_183' title='bbox 865 3051 1031 3138; x_wconf 76' lang='lat' dir='ltr'><strong>permagni</strong></span> 
     </span>
     <span class='ocr_line' id='line_1_27' title="bbox 116 3151 1031 3222; baseline 0.003 -6"><span class='ocrx_word' id='word_1_184' title='bbox 116 3153 247 3222; x_wconf 86' lang='lat' dir='ltr'><strong>intersit</strong></span> <span class='ocrx_word' id='word_1_185' title='bbox 267 3152 421 3216; x_wconf 85' lang='lat' dir='ltr'><strong>illustrari</strong></span> <span class='ocrx_word' id='word_1_186' title='bbox 449 3151 542 3214; x_wconf 90' lang='lat' dir='ltr'><strong>ctiam</strong></span> <span class='ocrx_word' id='word_1_187' title='bbox 568 3175 689 3216; x_wconf 87' lang='lat' dir='ltr'><strong>summo</strong></span> <span class='ocrx_word' id='word_1_188' title='bbox 710 3153 820 3216; x_wconf 85' lang='lat' dir='ltr'><strong>labore</strong></span> <span class='ocrx_word' id='word_1_189' title='bbox 840 3162 871 3215; x_wconf 90' lang='lat' dir='ltr'><strong>et</strong></span> <span class='ocrx_word' id='word_1_190' title='bbox 888 3165 1031 3219; x_wconf 82' lang='lat' dir='ltr'><strong>accurata</strong></span> 
     </span>
     <span class='ocr_line' id='line_1_28' title="bbox 117 3253 1031 3340; baseline 0.003 -24"><span class='ocrx_word' id='word_1_191' title='bbox 117 3255 303 3340; x_wconf 70' lang='lat' dir='ltr'><strong>cognitione</strong></span> <span class='ocrx_word' id='word_1_192' title='bbox 332 3253 579 3340; x_wconf 86' lang='lat' dir='ltr'><strong>comprehendi,</strong></span> <span class='ocrx_word' id='word_1_193' title='bbox 602 3253 722 3340; x_wconf 86' lang='lat' dir='ltr'><strong>etipse</strong></span> <span class='ocrx_word' id='word_1_194' title='bbox 747 3277 813 3318; x_wconf 92' lang='lat' dir='ltr'><strong>non</strong></span> <span class='ocrx_word' id='word_1_195' title='bbox 836 3255 939 3318; x_wconf 87' lang='lat' dir='ltr'><strong>minus</strong></span> <span class='ocrx_word' id='word_1_196' title='bbox 959 3256 1031 3318; x_wconf 86' lang='lat' dir='ltr'><strong>suh·</strong></span> 
     </span>
     <span class='ocr_line' id='line_1_29' title="bbox 115 3354 1030 3440; baseline 0 -19"><span class='ocrx_word' id='word_1_197' title='bbox 115 3356 173 3421; x_wconf 86' lang='lat' dir='ltr'><strong>titi</strong></span> <span class='ocrx_word' id='word_1_198' title='bbox 193 3356 377 3419; x_wconf 89' lang='lat' dir='ltr'><strong>tractatione</strong></span> <span class='ocrx_word' id='word_1_199' title='bbox 399 3378 506 3417; x_wconf 90' lang='lat' dir='ltr'><strong>rerum</strong></span> <span class='ocrx_word' id='word_1_200' title='bbox 532 3354 807 3440; x_wconf 86' lang='lat' dir='ltr'><strong>grammaticarum</strong></span> <span class='ocrx_word' id='word_1_201' title='bbox 829 3365 860 3418; x_wconf 88' lang='lat' dir='ltr'><strong>et</strong></span> <span class='ocrx_word' id='word_1_202' title='bbox 879 3356 1030 3421; x_wconf 87' lang='lat' dir='ltr'><strong>historiae</strong></span> 
     </span>
     <span class='ocr_line' id='line_1_30' title="bbox 114 3456 1030 3522; baseline 0.001 -1"><span class='ocrx_word' id='word_1_203' title='bbox 114 3457 298 3521; x_wconf 87' lang='lat' dir='ltr'><strong>litterarum</strong></span> <span class='ocrx_word' id='word_1_204' title='bbox 328 3456 504 3520; x_wconf 86' lang='lat' dir='ltr'><strong>studiorum</strong></span> <span class='ocrx_word' id='word_1_205' title='bbox 536 3457 666 3520; x_wconf 88' lang='lat' dir='ltr'><strong>edoctus</strong></span> <span class='ocrx_word' id='word_1_206' title='bbox 700 3458 792 3520; x_wconf 89' lang='lat' dir='ltr'><strong>etiam</strong></span> <span class='ocrx_word' id='word_1_207' title='bbox 825 3458 920 3521; x_wconf 87' lang='lat' dir='ltr'><strong>huius</strong></span> <span class='ocrx_word' id='word_1_208' title='bbox 954 3459 1030 3522; x_wconf 89' lang='lat' dir='ltr'><strong>artis</strong></span> 
     </span>
     <span class='ocr_line' id='line_1_31' title="bbox 115 3557 1091 3646; baseline -0.006 -24"><span class='ocrx_word' id='word_1_209' title='bbox 115 3557 426 3642; x_wconf 78' lang='lat' dir='ltr'><strong>intelligentissimus</strong></span> <span class='ocrx_word' id='word_1_210' title='bbox 455 3559 499 3622; x_wconf 88' lang='lat' dir='ltr'><strong>sis</strong></span> <span class='ocrx_word' id='word_1_211' title='bbox 528 3558 716 3640; x_wconf 83' lang='lat' dir='ltr'><strong>aestimator,</strong></span> <span class='ocrx_word' id='word_1_212' title='bbox 749 3559 938 3646; x_wconf 88' lang='lat' dir='ltr'><strong>persuadeas</strong></span> <span class='ocrx_word' id='word_1_213' title='bbox 971 3559 1031 3624; x_wconf 84' lang='lat' dir='ltr'><strong>tihi</strong></span> <span class='ocrx_word' id='word_1_214' title='bbox 1088 3611 1091 3616; x_wconf 79' lang='grc'>,</span> 
     </span>
     <span class='ocr_line' id='line_1_32' title="bbox 116 3659 1030 3754; baseline -0.001 -30"><span class='ocrx_word' id='word_1_215' title='bbox 116 3660 236 3740; x_wconf 83' lang='lat' dir='ltr'><strong>velim,</strong></span> <span class='ocrx_word' id='word_1_216' title='bbox 258 3681 311 3729; x_wconf 85' lang='lat' dir='ltr'><strong>mc</strong></span> <span class='ocrx_word' id='word_1_217' title='bbox 330 3661 462 3741; x_wconf 81' lang='lat' dir='ltr'><strong>multum</strong></span> <span class='ocrx_word' id='word_1_218' title='bbox 481 3659 651 3754; x_wconf 86' lang='lat' dir='ltr'><strong>temporis,</strong></span> <span class='ocrx_word' id='word_1_219' title='bbox 672 3661 808 3750; x_wconf 82' lang='lat' dir='ltr'><strong>multum</strong></span> <span class='ocrx_word' id='word_1_220' title='bbox 827 3660 948 3730; x_wconf 80' lang='lat' dir='ltr'><strong>laboris</strong></span> <span class='ocrx_word' id='word_1_221' title='bbox 966 3683 1030 3724; x_wconf 92' lang='lat' dir='ltr'><strong>non</strong></span> 
     </span>
    </p>
   </div>
   <div class='ocr_carea' id='block_1_3' title="bbox 0 0 1324 4458">
    <p class='ocr_par' dir='ltr' id='par_1_4' title="bbox 0 0 1324 4458">
     <span class='ocr_line' id='line_1_33' title="bbox 0 0 1324 4458; baseline 0 0"><span class='ocrx_word' id='word_1_222' title='bbox 0 0 1324 4458; x_wconf 95' lang='lat' dir='ltr'><strong> </strong></span> 
     </span>
    </p>
   </div>
  </div>
 </body>
</html>
