<?xml version="1.0" encoding="UTF-8"?>
<!DOCTYPE html PUBLIC "-//W3C//DTD XHTML 1.0 Transitional//EN"
    "http://www.w3.org/TR/xhtml1/DTD/xhtml1-transitional.dtd">
<html xmlns="http://www.w3.org/1999/xhtml" xml:lang="en" lang="en">
 <head>
  <title>
</title>
<meta http-equiv="Content-Type" content="text/html;charset=utf-8" />
  <meta name='ocr-system' content='tesseract 3.04.00' />
  <meta name='ocr-capabilities' content='ocr_page ocr_carea ocr_par ocr_line ocrx_word'/>
</head>
<body>
  <div class='ocr_page' id='page_1' title='image "./lectionesdiodor01krebgoog_0196.png"; bbox 0 0 2644 4462; ppageno 0'>
   <div class='ocr_carea' id='block_1_1' title="bbox 932 387 1053 464">
    <p class='ocr_par' dir='ltr' id='par_1_1' title="bbox 932 387 1053 464">
     <span class='ocr_line' id='line_1_1' title="bbox 932 387 1053 464; baseline 0.008 -1"><span class='ocrx_word' id='word_1_1' title='bbox 932 388 1009 464; x_wconf 80' lang='lat'><strong>171</strong></span> <span class='ocrx_word' id='word_1_2' title='bbox 1049 387 1053 396; x_wconf 83' lang='lat'>&#39;</span> 
     </span>
    </p>
   </div>
   <div class='ocr_carea' id='block_1_2' title="bbox 114 590 1099 2311">
    <p class='ocr_par' dir='ltr' id='par_1_2' title="bbox 114 590 1019 883">
     <span class='ocr_line' id='line_1_2' title="bbox 114 590 1014 680; baseline 0.003 -27"><span class='ocrx_word' id='word_1_3' title='bbox 114 590 266 655; x_wconf 81' lang='lat' dir='ltr'><strong>vel&#39;anno</strong></span> <span class='ocrx_word' id='word_1_4' title='bbox 294 592 339 655; x_wconf 77' lang='lat' dir='ltr'><strong>ta</strong></span> <span class='ocrx_word' id='word_1_5' title='bbox 364 601 436 656; x_wconf 83' lang='lat' dir='ltr'><strong>ante</strong></span> <span class='ocrx_word' id='word_1_6' title='bbox 460 590 500 657; x_wconf 87' lang='lat' dir='ltr'><strong>U.</strong></span> <span class='ocrx_word' id='word_1_7' title='bbox 526 591 634 675; x_wconf 68' lang='lat' dir='ltr'><strong>eonii,</strong></span> <span class='ocrx_word' id='word_1_8' title='bbox 661 592 717 657; x_wconf 77' lang='lat' dir='ltr'><strong>setl</strong></span> <span class='ocrx_word' id='word_1_9' title='bbox 741 603 907 680; x_wconf 79' lang='lat' dir='ltr'><strong>utramque</strong></span> <span class='ocrx_word' id='word_1_10' title='bbox 931 616 1014 656; x_wconf 85' lang='lat' dir='ltr'><strong>anno</strong></span> 
     </span>
     <span class='ocr_line' id='line_1_3' title="bbox 115 693 1019 784; baseline 0 -28"><span class='ocrx_word' id='word_1_11' title='bbox 115 693 211 758; x_wconf 86' lang='lat' dir='ltr'><strong>altero</strong></span> <span class='ocrx_word' id='word_1_12' title='bbox 236 694 443 782; x_wconf 72' lang='lat' dir='ltr'><strong>¹Olympiadis</strong></span> <span class='ocrx_word' id='word_1_13' title='bbox 475 697 642 784; x_wconf 73' lang='lat' dir='ltr'>septimae,</span> <span class='ocrx_word' id='word_1_14' title='bbox 678 719 742 784; x_wconf 87' lang='lat' dir='ltr'><strong>quo</strong></span> <span class='ocrx_word' id='word_1_15' title='bbox 773 696 859 760; x_wconf 88' lang='lat' dir='ltr'><strong>Urbs</strong></span> <span class='ocrx_word' id='word_1_16' title='bbox 890 694 1019 758; x_wconf 86' lang='lat' dir='ltr'><strong>eondita</strong></span> 
     </span>
     <span class='ocr_line' id='line_1_4' title="bbox 115 797 459 883; baseline 0.015 -26"><span class='ocrx_word' id='word_1_17' title='bbox 115 805 173 879; x_wconf 78' lang='lat' dir='ltr'><strong>est,</strong></span> <span class='ocrx_word' id='word_1_18' title='bbox 194 797 329 883; x_wconf 76' lang='lat' dir='ltr'><strong>positam</strong></span> <span class='ocrx_word' id='word_1_19' title='bbox 350 798 459 862; x_wconf 83' lang='lat' dir='ltr'><strong>luisse.</strong></span> 
     </span>
    </p>

    <p class='ocr_par' dir='ltr' id='par_1_3' title="bbox 114 899 1099 2311">
     <span class='ocr_line' id='line_1_5' title="bbox 172 899 1018 988; baseline 0.001 -27"><span class='ocrx_word' id='word_1_20' title='bbox 172 899 275 963; x_wconf 84' lang='lat' dir='ltr'><strong>Nihili</strong></span> <span class='ocrx_word' id='word_1_21' title='bbox 300 900 504 983; x_wconf 74' lang='lat' dir='ltr'><strong>etiamnum,</strong></span> <span class='ocrx_word' id='word_1_22' title='bbox 527 924 607 988; x_wconf 86' lang='lat' dir='ltr'><strong>quae</strong></span> <span class='ocrx_word' id='word_1_23' title='bbox 628 900 732 966; x_wconf 85' lang='lat' dir='ltr'><strong>Maius</strong></span> <span class='ocrx_word' id='word_1_24' title='bbox 753 901 788 964; x_wconf 92' lang='lat' dir='ltr'><strong>in</strong></span> <span class='ocrx_word' id='word_1_25' title='bbox 813 899 1018 964; x_wconf 72' lang='lat' dir='ltr'><strong>annotatione</strong></span> 
     </span>
     <span class='ocr_line' id='line_1_6' title="bbox 115 1001 1017 1089; baseline 0.001 -25"><span class='ocrx_word' id='word_1_26' title='bbox 115 1001 252 1088; x_wconf 82' lang='lat' dir='ltr'><strong>scripsit:</strong></span> <span class='ocrx_word' id='word_1_27' title='bbox 280 1005 376 1084; x_wconf 81' lang='lat' dir='ltr'><strong>„lem</strong></span> <span class='ocrx_word' id='word_1_28' title='bbox 400 1026 478 1078; x_wconf 83' lang='lat' dir='ltr'><strong>vero</strong></span> <span class='ocrx_word' id='word_1_29' title='bbox 503 1005 715 1089; x_wconf 67' lang='lat' dir='ltr'><strong>fragmentum</strong></span> <span class='ocrx_word' id='word_1_30' title='bbox 740 1002 802 1065; x_wconf 88' lang='lat' dir='ltr'><strong>hoc</strong></span> <span class='ocrx_word' id='word_1_31' title='bbox 826 1002 894 1066; x_wconf 87' lang='lat' dir='ltr'><strong>sino</strong></span> <span class='ocrx_word' id='word_1_32' title='bbox 919 1002 1017 1066; x_wconf 87' lang='lat' dir='ltr'><strong>dubio</strong></span> 
     </span>
     <span class='ocr_line' id='line_1_7' title="bbox 114 1084 1021 1193; baseline 0.001 -27"><span class='ocrx_word' id='word_1_33' title='bbox 114 1105 281 1190; x_wconf 79' lang='lat' dir='ltr'><strong>„pertinet</strong></span> <span class='ocrx_word' id='word_1_34' title='bbox 305 1105 344 1168; x_wconf 85' lang='lat' dir='ltr'><strong>od</strong></span> <span class='ocrx_word' id='word_1_35' title='bbox 365 1084 533 1193; x_wconf 73' lang='lat' dir='ltr'><strong>septimum</strong></span> <span class='ocrx_word' id='word_1_36' title='bbox 554 1106 691 1169; x_wconf 86' lang='lat' dir='ltr'><strong>Diodori</strong></span> <span class='ocrx_word' id='word_1_37' title='bbox 712 1106 847 1186; x_wconf 78' lang='lat' dir='ltr'><strong>librum,</strong></span> <span class='ocrx_word' id='word_1_38' title='bbox 870 1105 1021 1192; x_wconf 88' lang='lat' dir='ltr'><strong>qnoniam</strong></span> 
     </span>
     <span class='ocr_line' id='line_1_8' title="bbox 117 1206 1022 1292; baseline 0 -24"><span class='ocrx_word' id='word_1_39' title='bbox 117 1228 178 1286; x_wconf 85' lang='lat' dir='ltr'><strong>„ex</strong></span> <span class='ocrx_word' id='word_1_40' title='bbox 192 1207 339 1292; x_wconf 77' lang='lat' dir='ltr'><strong>Eusebia</strong></span> <span class='ocrx_word' id='word_1_41' title='bbox 356 1209 464 1270; x_wconf 89' lang='lat' dir='ltr'><strong>ehrou.</strong></span> <span class='ocrx_word' id='word_1_42' title='bbox 480 1208 506 1271; x_wconf 88' lang='lat' dir='ltr'><strong>l.</strong></span> <span class='ocrx_word' id='word_1_43' title='bbox 524 1208 583 1289; x_wconf 68' lang='lat' dir='ltr'><strong>aa,</strong></span> <span class='ocrx_word' id='word_1_44' title='bbox 602 1207 824 1292; x_wconf 73' lang='lat' dir='ltr'><strong>eognosoimus</strong></span> <span class='ocrx_word' id='word_1_45' title='bbox 841 1206 1022 1270; x_wconf 84' lang='lat' dir='ltr'><strong>Diodorum</strong></span> 
     </span>
     <span class='ocr_line' id='line_1_9' title="bbox 117 1309 1095 1394; baseline 0.003 -25"><span class='ocrx_word' id='word_1_46' title='bbox 117 1330 192 1386; x_wconf 88' lang='lat' dir='ltr'><strong>„res</strong></span> <span class='ocrx_word' id='word_1_47' title='bbox 224 1331 338 1394; x_wconf 74' lang='lat' dir='ltr'><strong>regum</strong></span> <span class='ocrx_word' id='word_1_48' title='bbox 369 1309 556 1380; x_wconf 82' lang='lat' dir='ltr'><strong>Latinorum</strong></span> <span class='ocrx_word' id='word_1_49' title='bbox 587 1318 618 1374; x_wconf 86' lang='lat' dir='ltr'><strong>et</strong></span> <span class='ocrx_word' id='word_1_50' title='bbox 647 1310 770 1373; x_wconf 87' lang='lat' dir='ltr'><strong>Romae</strong></span> <span class='ocrx_word' id='word_1_51' title='bbox 796 1309 888 1378; x_wconf 90' lang='lat' dir='ltr'><strong>initia</strong></span> <span class='ocrx_word' id='word_1_52' title='bbox 919 1333 956 1372; x_wconf 89' lang='lat' dir='ltr'><strong>eo</strong></span> <span class='ocrx_word' id='word_1_53' title='bbox 986 1309 1020 1372; x_wconf 93' lang='lat' dir='ltr'><strong>in</strong></span> <span class='ocrx_word' id='word_1_54' title='bbox 1093 1385 1095 1394; x_wconf 37' lang='lat'><em>,</em></span> 
     </span>
     <span class='ocr_line' id='line_1_10' title="bbox 116 1409 1046 1498; baseline 0.003 -27"><span class='ocrx_word' id='word_1_55' title='bbox 116 1409 226 1490; x_wconf 78' lang='lat' dir='ltr'><strong>„lihro</strong></span> <span class='ocrx_word' id='word_1_56' title='bbox 250 1411 439 1475; x_wconf 73' lang='lat' dir='ltr'><strong>narravisse.</strong></span> <span class='ocrx_word' id='word_1_57' title='bbox 481 1411 572 1497; x_wconf 75' lang='lat' dir='ltr'><strong>Ergo</strong></span> <span class='ocrx_word' id='word_1_58' title='bbox 595 1410 689 1473; x_wconf 86' lang='lat' dir='ltr'><strong>etiam</strong></span> <span class='ocrx_word' id='word_1_59' title='bbox 713 1412 895 1498; x_wconf 80' lang='lat' dir='ltr'><strong>superiores</strong></span> <span class='ocrx_word' id='word_1_60' title='bbox 914 1419 1021 1498; x_wconf 85' lang='lat' dir='ltr'><strong>partes</strong></span> <span class='ocrx_word' id='word_1_61' title='bbox 1045 1443 1046 1455; x_wconf 50' lang='lat'>¹</span> 
     </span>
     <span class='ocr_line' id='line_1_11' title="bbox 117 1511 1021 1599; baseline 0.002 -25"><span class='ocrx_word' id='word_1_62' title='bbox 117 1535 162 1592; x_wconf 84' lang='lat' dir='ltr'><strong>„e</strong></span> <span class='ocrx_word' id='word_1_63' title='bbox 194 1511 330 1599; x_wconf 87' lang='lat' dir='ltr'><strong>septimo</strong></span> <span class='ocrx_word' id='word_1_64' title='bbox 360 1521 450 1593; x_wconf 82' lang='lat' dir='ltr'><strong>sunt,</strong></span> <span class='ocrx_word' id='word_1_65' title='bbox 491 1512 748 1598; x_wconf 82' lang='lat' dir='ltr'><strong>quandoquidem</strong></span> <span class='ocrx_word' id='word_1_66' title='bbox 774 1514 809 1578; x_wconf 92' lang='lat' dir='ltr'><strong>in</strong></span> <span class='ocrx_word' id='word_1_67' title='bbox 842 1525 932 1578; x_wconf 83' lang='lat' dir='ltr'><strong>sexto</strong></span> <span class='ocrx_word' id='word_1_68' title='bbox 968 1537 1021 1576; x_wconf 88' lang='lat' dir='ltr'><strong>ros</strong></span> 
     </span>
     <span class='ocr_line' id='line_1_12' title="bbox 118 1613 1046 1700; baseline 0.001 -23"><span class='ocrx_word' id='word_1_69' title='bbox 118 1614 245 1694; x_wconf 82' lang='lat' dir='ltr'><strong>„adhue</strong></span> <span class='ocrx_word' id='word_1_70' title='bbox 265 1624 337 1676; x_wconf 90' lang='lat' dir='ltr'><strong>ante</strong></span> <span class='ocrx_word' id='word_1_71' title='bbox 358 1613 487 1676; x_wconf 75' lang='lat' dir='ltr'><strong>Troiam</strong></span> <span class='ocrx_word' id='word_1_72' title='bbox 504 1624 626 1698; x_wconf 85' lang='lat' dir='ltr'><strong>coptam</strong></span> <span class='ocrx_word' id='word_1_73' title='bbox 641 1616 744 1688; x_wconf 65' lang='lat' dir='ltr'><strong>,fuisse</strong></span> <span class='ocrx_word' id='word_1_74' title='bbox 766 1617 1022 1700; x_wconf 87' lang='lat' dir='ltr'><strong>comprehensas,</strong></span> <span class='ocrx_word' id='word_1_75' title='bbox 1042 1633 1046 1643; x_wconf 90' lang='lat'><em>&#39;</em></span> 
     </span>
     <span class='ocr_line' id='line_1_13' title="bbox 118 1713 1076 1801; baseline -0.001 -22"><span class='ocrx_word' id='word_1_76' title='bbox 118 1717 234 1794; x_wconf 85' lang='lat' dir='ltr'><strong>„testis</strong></span> <span class='ocrx_word' id='word_1_77' title='bbox 268 1723 317 1776; x_wconf 91' lang='lat' dir='ltr'><strong>est</strong></span> <span class='ocrx_word' id='word_1_78' title='bbox 348 1713 415 1798; x_wconf 91' lang='lat' dir='ltr'><strong>ipse</strong></span> <span class='ocrx_word' id='word_1_79' title='bbox 446 1713 610 1776; x_wconf 86' lang='lat' dir='ltr'><strong>lliodorus</strong></span> <span class='ocrx_word' id='word_1_80' title='bbox 636 1713 670 1774; x_wconf 89' lang='lat' dir='ltr'><strong>in</strong></span> <span class='ocrx_word' id='word_1_81' title='bbox 698 1715 884 1798; x_wconf 86' lang='lat' dir='ltr'><strong>prohoemio</strong></span> <span class='ocrx_word' id='word_1_82' title='bbox 914 1717 1023 1801; x_wconf 88' lang='lat' dir='ltr'><strong>operis</strong></span> <span class='ocrx_word' id='word_1_83' title='bbox 1072 1727 1076 1736; x_wconf 94' lang='lat'>&#39;</span> 
     </span>
     <span class='ocr_line' id='line_1_14' title="bbox 118 1808 1099 1903; baseline -0.003 -23"><span class='ocrx_word' id='word_1_84' title='bbox 118 1841 212 1903; x_wconf 71' lang='lat' dir='ltr'><strong>„rap</strong></span> <span class='ocrx_word' id='word_1_85' title='bbox 243 1808 304 1878; x_wconf 88' lang='lat' dir='ltr'><strong>lV.</strong></span> <span class='ocrx_word' id='word_1_86' title='bbox 345 1812 454 1899; x_wconf 71' lang='lat' dir='ltr'><strong>Quare</strong></span> <span class='ocrx_word' id='word_1_87' title='bbox 482 1813 725 1898; x_wconf 75' lang='lat' dir='ltr'><strong>Wesselingius</strong></span> <span class='ocrx_word' id='word_1_88' title='bbox 754 1816 793 1877; x_wconf 74' lang='lat' dir='ltr'><strong>T.</strong></span> <span class='ocrx_word' id='word_1_89' title='bbox 818 1815 861 1879; x_wconf 91' lang='lat' dir='ltr'><strong>ll.</strong></span> <span class='ocrx_word' id='word_1_90' title='bbox 891 1837 922 1900; x_wconf 81' lang='lat' dir='ltr'><strong>p.</strong></span> <span class='ocrx_word' id='word_1_91' title='bbox 951 1818 1023 1880; x_wconf 71' lang='lat'><strong>546</strong></span> <span class='ocrx_word' id='word_1_92' title='bbox 1095 1893 1099 1899; x_wconf 18' lang='lat' dir='ltr'><em>q</em></span> 
     </span>
     <span class='ocr_line' id='line_1_15' title="bbox 119 1914 1025 1999; baseline 0 -17"><span class='ocrx_word' id='word_1_93' title='bbox 119 1942 196 1999; x_wconf 86' lang='lat' dir='ltr'><strong>„ros</strong></span> <span class='ocrx_word' id='word_1_94' title='bbox 231 1917 314 1980; x_wconf 84' lang='lat' dir='ltr'><strong>sexti</strong></span> <span class='ocrx_word' id='word_1_95' title='bbox 350 1915 428 1978; x_wconf 88' lang='lat' dir='ltr'><strong>libri</strong></span> <span class='ocrx_word' id='word_1_96' title='bbox 463 1914 644 1978; x_wconf 88' lang='lat' dir='ltr'><strong>discernere</strong></span> <span class='ocrx_word' id='word_1_97' title='bbox 683 1914 860 1978; x_wconf 74' lang='lat' dir='ltr'><strong>debuisset·</strong></span> <span class='ocrx_word' id='word_1_98' title='bbox 884 1915 923 1979; x_wconf 79' lang='lat' dir='ltr'><strong>alr</strong></span> <span class='ocrx_word' id='word_1_99' title='bbox 959 1917 1025 1982; x_wconf 88' lang='lat' dir='ltr'><strong>illis</strong></span> 
     </span>
     <span class='ocr_line' id='line_1_16' title="bbox 120 2015 1027 2108; baseline 0.002 -24"><span class='ocrx_word' id='word_1_100' title='bbox 120 2020 271 2108; x_wconf 86' lang='lat' dir='ltr'><strong>„septimi</strong></span> <span class='ocrx_word' id='word_1_101' title='bbox 278 2065 289 2099; x_wconf 84' lang='lat'>‚</span> <span class='ocrx_word' id='word_1_102' title='bbox 311 2042 391 2106; x_wconf 73' lang='lat' dir='ltr'><strong>quae</strong></span> <span class='ocrx_word' id='word_1_103' title='bbox 411 2040 485 2081; x_wconf 87' lang='lat' dir='ltr'><strong>mox</strong></span> <span class='ocrx_word' id='word_1_104' title='bbox 505 2015 550 2080; x_wconf 92' lang='lat' dir='ltr'><strong>ibi</strong></span> <span class='ocrx_word' id='word_1_105' title='bbox 574 2027 826 2103; x_wconf 78' lang='lat' dir='ltr'><strong>eorrsequuntur,</strong></span> <span class='ocrx_word' id='word_1_106' title='bbox 848 2043 888 2082; x_wconf 90' lang='lat' dir='ltr'><strong>ne</strong></span> <span class='ocrx_word' id='word_1_107' title='bbox 906 2021 1027 2086; x_wconf 85' lang='lat' dir='ltr'><strong>incauti</strong></span> 
     </span>
     <span class='ocr_line' id='line_1_17' title="bbox 119 2112 1027 2198; baseline 0.001 -13"><span class='ocrx_word' id='word_1_108' title='bbox 119 2123 219 2198; x_wconf 76' lang='lat' dir='ltr'><strong>„forte</strong></span> <span class='ocrx_word' id='word_1_109' title='bbox 232 2123 371 2186; x_wconf 79' lang='lat' dir='ltr'><strong>lectores</strong></span> <span class='ocrx_word' id='word_1_110' title='bbox 385 2120 424 2183; x_wconf 87' lang='lat' dir='ltr'><strong>ad</strong></span> <span class='ocrx_word' id='word_1_111' title='bbox 432 2128 555 2182; x_wconf 83' lang='lat' dir='ltr'><strong>sextum</strong></span> <span class='ocrx_word' id='word_1_112' title='bbox 568 2118 687 2182; x_wconf 85' lang='lat' dir='ltr'><strong>librum</strong></span> <span class='ocrx_word' id='word_1_113' title='bbox 696 2129 824 2184; x_wconf 87' lang='lat' dir='ltr'><strong>cunctas</strong></span> <span class='ocrx_word' id='word_1_114' title='bbox 836 2112 1027 2190; x_wconf 69' lang='lat' dir='ltr'><strong>retinerer&lt;</strong></span> 
     </span>
     <span class='ocr_line' id='line_1_18' title="bbox 123 2221 1027 2311; baseline 0.001 -23"><span class='ocrx_word' id='word_1_115' title='bbox 123 2223 204 2288; x_wconf 86' lang='lat' dir='ltr'><strong>Sane</strong></span> <span class='ocrx_word' id='word_1_116' title='bbox 237 2225 322 2288; x_wconf 90' lang='lat' dir='ltr'><strong>enim</strong></span> <span class='ocrx_word' id='word_1_117' title='bbox 351 2221 596 2308; x_wconf 77' lang='lat' dir='ltr'><strong>Wcsselingius</strong></span> <span class='ocrx_word' id='word_1_118' title='bbox 628 2221 690 2286; x_wconf 88' lang='lat' dir='ltr'><strong>alio</strong></span> <span class='ocrx_word' id='word_1_119' title='bbox 726 2224 833 2311; x_wconf 89' lang='lat' dir='ltr'><strong>potius</strong></span> <span class='ocrx_word' id='word_1_120' title='bbox 860 2225 954 2288; x_wconf 88' lang='lat' dir='ltr'><strong>titulo</strong></span> <span class='ocrx_word' id='word_1_121' title='bbox 979 2227 1027 2290; x_wconf 88' lang='lat' dir='ltr'><strong>uti</strong></span> 
     </span>
    </p>
   </div>
   <div class='ocr_carea' id='block_1_3' title="bbox 124 2323 1210 2414">
    <p class='ocr_par' dir='ltr' id='par_1_4' title="bbox 124 2323 1210 2414">
     <span class='ocr_line' id='line_1_19' title="bbox 124 2323 1210 2414; baseline 0.006 -26"><span class='ocrx_word' id='word_1_122' title='bbox 124 2326 278 2390; x_wconf 77' lang='lat' dir='ltr'><strong>delinitio</strong></span> <span class='ocrx_word' id='word_1_123' title='bbox 299 2323 471 2411; x_wconf 80' lang='lat' dir='ltr'><strong>Excerptis</strong></span> <span class='ocrx_word' id='word_1_124' title='bbox 493 2325 532 2387; x_wconf 86' lang='lat' dir='ltr'><strong>de</strong></span> <span class='ocrx_word' id='word_1_125' title='bbox 551 2326 638 2388; x_wconf 79' lang='lat' dir='ltr'><strong>virtt.</strong></span> <span class='ocrx_word' id='word_1_126' title='bbox 660 2336 692 2388; x_wconf 87' lang='lat' dir='ltr'><strong>et</strong></span> <span class='ocrx_word' id='word_1_127' title='bbox 711 2327 791 2407; x_wconf 67' lang='lat' dir='ltr'><strong>vitt„</strong></span> <span class='ocrx_word' id='word_1_128' title='bbox 812 2351 884 2390; x_wconf 87' lang='lat' dir='ltr'><strong>nam</strong></span> <span class='ocrx_word' id='word_1_129' title='bbox 904 2327 949 2409; x_wconf 86' lang='lat' dir='ltr'><strong>is,</strong></span> <span class='ocrx_word' id='word_1_130' title='bbox 972 2329 1028 2414; x_wconf 90' lang='lat' dir='ltr'><strong>qui</strong></span> <span class='ocrx_word' id='word_1_131' title='bbox 1109 2405 1111 2411; x_wconf 14' lang='grc' dir='ltr'><strong>Α</strong></span> <span class='ocrx_word' id='word_1_132' title='bbox 1206 2336 1210 2342; x_wconf 74' lang='grc'><em>’</em></span> 
     </span>
    </p>
   </div>
   <div class='ocr_carea' id='block_1_4' title="bbox 123 2425 1037 3640">
    <p class='ocr_par' dir='ltr' id='par_1_5' title="bbox 123 2425 1037 3640">
     <span class='ocr_line' id='line_1_20' title="bbox 123 2425 1028 2516; baseline 0.004 -26"><span class='ocrx_word' id='word_1_133' title='bbox 123 2427 246 2514; x_wconf 70' lang='lat' dir='ltr'><strong>ignarus</strong></span> <span class='ocrx_word' id='word_1_134' title='bbox 267 2425 376 2516; x_wconf 88' lang='lat' dir='ltr'><strong>operis</strong></span> <span class='ocrx_word' id='word_1_135' title='bbox 392 2427 549 2499; x_wconf 76' lang='lat' dir='ltr'><strong>Diodorei</strong></span> <span class='ocrx_word' id='word_1_136' title='bbox 565 2426 598 2500; x_wconf 83' lang='lat' dir='ltr'><strong>in</strong></span> <span class='ocrx_word' id='word_1_137' title='bbox 613 2428 720 2501; x_wconf 75' lang='lat' dir='ltr'><strong>lioute</strong></span> <span class='ocrx_word' id='word_1_138' title='bbox 732 2428 968 2514; x_wconf 80' lang='lat' dir='ltr'><strong>Excerptorum</strong></span> <span class='ocrx_word' id='word_1_139' title='bbox 983 2431 1028 2498; x_wconf 66' lang='lat' dir='ltr'><strong>le</strong></span> 
     </span>
     <span class='ocr_line' id='line_1_21' title="bbox 124 2528 1030 2617; baseline 0.006 -23"><span class='ocrx_word' id='word_1_140' title='bbox 124 2541 174 2616; x_wconf 75' lang='lat' dir='ltr'><strong>get</strong></span> <span class='ocrx_word' id='word_1_141' title='bbox 190 2533 311 2597; x_wconf 81' lang='lat' dir='ltr'><strong>librum</strong></span> <span class='ocrx_word' id='word_1_142' title='bbox 330 2539 462 2594; x_wconf 81' lang='lat' dir='ltr'><strong>sextum</strong></span> <span class='ocrx_word' id='word_1_143' title='bbox 480 2551 584 2617; x_wconf 87' lang='lat' dir='ltr'><strong>neque</strong></span> <span class='ocrx_word' id='word_1_144' title='bbox 601 2528 673 2591; x_wconf 85' lang='lat' dir='ltr'><strong>ante</strong></span> <span class='ocrx_word' id='word_1_145' title='bbox 691 2528 811 2593; x_wconf 83' lang='lat' dir='ltr'><strong>librum</strong></span> <span class='ocrx_word' id='word_1_146' title='bbox 828 2531 1030 2599; x_wconf 85' lang='lat' dir='ltr'><strong>undecimum</strong></span> 
     </span>
     <span class='ocr_line' id='line_1_22' title="bbox 123 2631 1035 2712; baseline 0.002 -19"><span class='ocrx_word' id='word_1_147' title='bbox 123 2634 219 2697; x_wconf 87' lang='lat' dir='ltr'><strong>ullum</strong></span> <span class='ocrx_word' id='word_1_148' title='bbox 237 2634 314 2700; x_wconf 89' lang='lat' dir='ltr'><strong>novi</strong></span> <span class='ocrx_word' id='word_1_149' title='bbox 331 2633 408 2708; x_wconf 72' lang='lat' dir='ltr'><strong>liin-i</strong></span> <span class='ocrx_word' id='word_1_150' title='bbox 426 2631 553 2697; x_wconf 89' lang='lat' dir='ltr'><strong>titulum</strong></span> <span class='ocrx_word' id='word_1_151' title='bbox 569 2631 722 2712; x_wconf 73' lang='lat' dir='ltr'><strong>inveniet,</strong></span> <span class='ocrx_word' id='word_1_152' title='bbox 741 2633 775 2696; x_wconf 92' lang='lat' dir='ltr'><strong>in</strong></span> <span class='ocrx_word' id='word_1_153' title='bbox 795 2642 867 2698; x_wconf 86' lang='lat' dir='ltr'><strong>eum</strong></span> <span class='ocrx_word' id='word_1_154' title='bbox 887 2658 1035 2702; x_wconf 86' lang='lat' dir='ltr'><strong>errorem.</strong></span> 
     </span>
     <span class='ocr_line' id='line_1_23' title="bbox 124 2718 1029 2824; baseline 0.007 -27"><span class='ocrx_word' id='word_1_155' title='bbox 124 2735 260 2802; x_wconf 88' lang='lat' dir='ltr'><strong>inoidere</strong></span> <span class='ocrx_word' id='word_1_156' title='bbox 287 2744 413 2824; x_wconf 87' lang='lat' dir='ltr'><strong>potest,</strong></span> <span class='ocrx_word' id='word_1_157' title='bbox 443 2742 478 2808; x_wconf 81' lang='lat' dir='ltr'><strong>ut</strong></span> <span class='ocrx_word' id='word_1_158' title='bbox 505 2734 609 2798; x_wconf 87' lang='lat' dir='ltr'><strong>omnia</strong></span> <span class='ocrx_word' id='word_1_159' title='bbox 634 2718 690 2798; x_wconf 89' lang='lat' dir='ltr'><strong>illa</strong></span> <span class='ocrx_word' id='word_1_160' title='bbox 716 2736 878 2824; x_wconf 78' lang='lat' dir='ltr'><strong>Excerpta</strong></span> <span class='ocrx_word' id='word_1_161' title='bbox 901 2761 919 2800; x_wconf 86' lang='lat' dir='ltr'><strong>e</strong></span> <span class='ocrx_word' id='word_1_162' title='bbox 944 2739 1029 2806; x_wconf 88' lang='lat' dir='ltr'><strong>libro</strong></span> 
     </span>
     <span class='ocr_line' id='line_1_24' title="bbox 125 2836 1030 2927; baseline 0.004 -27"><span class='ocrx_word' id='word_1_163' title='bbox 125 2850 207 2902; x_wconf 86' lang='lat' dir='ltr'><strong>sexto</strong></span> <span class='ocrx_word' id='word_1_164' title='bbox 241 2841 409 2924; x_wconf 87' lang='lat' dir='ltr'><strong>desumpta</strong></span> <span class='ocrx_word' id='word_1_165' title='bbox 448 2859 515 2899; x_wconf 84' lang='lat' dir='ltr'><strong>esse</strong></span> <span class='ocrx_word' id='word_1_166' title='bbox 550 2836 739 2920; x_wconf 76' lang='lat' dir='ltr'><strong>arbitretur,</strong></span> <span class='ocrx_word' id='word_1_167' title='bbox 780 2863 968 2927; x_wconf 82' lang='lat' dir='ltr'><strong>quamquam</strong></span> <span class='ocrx_word' id='word_1_168' title='bbox 1001 2842 1030 2905; x_wconf 88' lang='lat' dir='ltr'><strong>sl</strong></span> 
     </span>
     <span class='ocr_line' id='line_1_25' title="bbox 124 2937 1031 3028; baseline 0.001 -24"><span class='ocrx_word' id='word_1_169' title='bbox 124 2937 282 3028; x_wconf 81' lang='lat' dir='ltr'><strong>percurret</strong></span> <span class='ocrx_word' id='word_1_170' title='bbox 315 2947 438 3004; x_wconf 86' lang='lat' dir='ltr'><strong>tantum</strong></span> <span class='ocrx_word' id='word_1_171' title='bbox 467 2938 594 3016; x_wconf 77' lang='lat' dir='ltr'><strong>volante</strong></span> <span class='ocrx_word' id='word_1_172' title='bbox 626 2939 737 3020; x_wconf 75' lang='lat' dir='ltr'><strong>oculo,</strong></span> <span class='ocrx_word' id='word_1_173' title='bbox 771 2942 875 3003; x_wconf 89' lang='lat' dir='ltr'><strong>statim</strong></span> <span class='ocrx_word' id='word_1_174' title='bbox 908 2963 1031 3005; x_wconf 87' lang='lat' dir='ltr'><strong>errasse</strong></span> 
     </span>
     <span class='ocr_line' id='line_1_26' title="bbox 127 3041 1028 3130; baseline 0.002 -26"><span class='ocrx_word' id='word_1_175' title='bbox 127 3066 158 3106; x_wconf 86' lang='lat' dir='ltr'><strong>se</strong></span> <span class='ocrx_word' id='word_1_176' title='bbox 172 3045 341 3130; x_wconf 65' lang='lat' dir='ltr'><strong>intelliget:</strong></span> <span class='ocrx_word' id='word_1_177' title='bbox 359 3066 434 3106; x_wconf 88' lang='lat' dir='ltr'><strong>sane</strong></span> <span class='ocrx_word' id='word_1_178' title='bbox 451 3041 634 3130; x_wconf 84' lang='lat' dir='ltr'><strong>superiores</strong></span> <span class='ocrx_word' id='word_1_179' title='bbox 653 3042 781 3127; x_wconf 88' lang='lat' dir='ltr'><strong>quidem</strong></span> <span class='ocrx_word' id='word_1_180' title='bbox 795 3052 900 3127; x_wconf 90' lang='lat' dir='ltr'><strong>partes</strong></span> <span class='ocrx_word' id='word_1_181' title='bbox 917 3043 1028 3120; x_wconf 84' lang='lat' dir='ltr'><strong>harum</strong></span> 
     </span>
     <span class='ocr_line' id='line_1_27' title="bbox 126 3142 1027 3234; baseline -0.003 -26"><span class='ocrx_word' id='word_1_182' title='bbox 126 3147 330 3234; x_wconf 88' lang='lat' dir='ltr'><strong>reliquiarum</strong></span> <span class='ocrx_word' id='word_1_183' title='bbox 353 3154 480 3231; x_wconf 87' lang='lat' dir='ltr'><strong>praeter</strong></span> <span class='ocrx_word' id='word_1_184' title='bbox 501 3143 689 3228; x_wconf 82' lang='lat' dir='ltr'><strong>particulam</strong></span> <span class='ocrx_word' id='word_1_185' title='bbox 710 3143 748 3204; x_wconf 86' lang='lat' dir='ltr'><strong>de</strong></span> <span class='ocrx_word' id='word_1_186' title='bbox 771 3142 942 3229; x_wconf 65' lang='lat' dir='ltr'><strong>Olympico</strong></span> <span class='ocrx_word' id='word_1_187' title='bbox 961 3169 1027 3210; x_wconf 67' lang='lat' dir='ltr'><strong>eor.</strong></span> 
     </span>
     <span class='ocr_line' id='line_1_28' title="bbox 127 3243 1027 3330; baseline 0.006 -22"><span class='ocrx_word' id='word_1_188' title='bbox 127 3249 239 3311; x_wconf 80' lang='lat' dir='ltr'><strong>tantine</strong></span> <span class='ocrx_word' id='word_1_189' title='bbox 256 3245 402 3311; x_wconf 87' lang='lat' dir='ltr'><strong>instituto</strong></span> <span class='ocrx_word' id='word_1_190' title='bbox 421 3254 494 3308; x_wconf 88' lang='lat' dir='ltr'><strong>sunt</strong></span> <span class='ocrx_word' id='word_1_191' title='bbox 510 3243 634 3329; x_wconf 80' lang='lat' dir='ltr'><strong>septimi</strong></span> <span class='ocrx_word' id='word_1_192' title='bbox 654 3243 741 3323; x_wconf 85' lang='lat' dir='ltr'><strong>libri,</strong></span> <span class='ocrx_word' id='word_1_193' title='bbox 759 3252 790 3305; x_wconf 89' lang='lat' dir='ltr'><strong>et</strong></span> <span class='ocrx_word' id='word_1_194' title='bbox 807 3247 1027 3330; x_wconf 66' lang='lat' dir='ltr'><strong>cognoscimus</strong></span> 
     </span>
     <span class='ocr_line' id='line_1_29' title="bbox 128 3346 1027 3436; baseline 0.002 -24"><span class='ocrx_word' id='word_1_195' title='bbox 128 3348 253 3436; x_wconf 89' lang='lat' dir='ltr'><strong>quidem</strong></span> <span class='ocrx_word' id='word_1_196' title='bbox 276 3373 315 3412; x_wconf 84' lang='lat' dir='ltr'><strong>ex</strong></span> <span class='ocrx_word' id='word_1_197' title='bbox 333 3347 474 3424; x_wconf 82' lang='lat' dir='ltr'><strong>Eusebio</strong></span> <span class='ocrx_word' id='word_1_198' title='bbox 494 3346 673 3409; x_wconf 83' lang='lat' dir='ltr'><strong>Diodorum</strong></span> <span class='ocrx_word' id='word_1_199' title='bbox 697 3368 749 3408; x_wconf 89' lang='lat' dir='ltr'><strong>res</strong></span> <span class='ocrx_word' id='word_1_200' title='bbox 770 3370 880 3432; x_wconf 72' lang='lat' dir='ltr'><strong>regum</strong></span> <span class='ocrx_word' id='word_1_201' title='bbox 900 3349 1027 3414; x_wconf 77' lang='lat' dir='ltr'><strong>taum-</strong></span> 
     </span>
     <span class='ocr_line' id='line_1_30' title="bbox 127 3447 1027 3535; baseline 0.007 -23"><span class='ocrx_word' id='word_1_202' title='bbox 127 3471 197 3518; x_wconf 78' lang='lat' dir='ltr'><strong>rum</strong></span> <span class='ocrx_word' id='word_1_203' title='bbox 231 3451 265 3513; x_wconf 88' lang='lat' dir='ltr'><strong>in</strong></span> <span class='ocrx_word' id='word_1_204' title='bbox 293 3451 377 3512; x_wconf 83' lang='lat' dir='ltr'><strong>libro</strong></span> <span class='ocrx_word' id='word_1_205' title='bbox 416 3451 548 3535; x_wconf 88' lang='lat' dir='ltr'><strong>septimo</strong></span> <span class='ocrx_word' id='word_1_206' title='bbox 583 3447 776 3532; x_wconf 75' lang='lat' dir='ltr'><strong>narravisse,</strong></span> <span class='ocrx_word' id='word_1_207' title='bbox 816 3451 872 3514; x_wconf 70' lang='lat' dir='ltr'><strong>seul</strong></span> <span class='ocrx_word' id='word_1_208' title='bbox 905 3452 1027 3518; x_wconf 89' lang='lat' dir='ltr'><strong>Romae</strong></span> 
     </span>
     <span class='ocr_line' id='line_1_31' title="bbox 128 3530 1037 3640; baseline 0.003 -25"><span class='ocrx_word' id='word_1_209' title='bbox 128 3552 217 3616; x_wconf 88' lang='lat' dir='ltr'><strong>initia</strong></span> <span class='ocrx_word' id='word_1_210' title='bbox 242 3552 280 3615; x_wconf 88' lang='lat' dir='ltr'><strong>ah</strong></span> <span class='ocrx_word' id='word_1_211' title='bbox 302 3575 339 3614; x_wconf 87' lang='lat' dir='ltr'><strong>eo</strong></span> <span class='ocrx_word' id='word_1_212' title='bbox 365 3551 449 3614; x_wconf 88' lang='lat' dir='ltr'><strong>libro</strong></span> <span class='ocrx_word' id='word_1_213' title='bbox 475 3552 609 3639; x_wconf 86' lang='lat' dir='ltr'><strong>septimo</strong></span> <span class='ocrx_word' id='word_1_214' title='bbox 634 3530 757 3616; x_wconf 75' lang='lat' dir='ltr'><strong>narrala</strong></span> <span class='ocrx_word' id='word_1_215' title='bbox 781 3576 851 3617; x_wconf 87' lang='lat' dir='ltr'><strong>esse</strong></span> <span class='ocrx_word' id='word_1_216' title='bbox 873 3577 1037 3640; x_wconf 86' lang='lat' dir='ltr'><strong>nusquam·</strong></span> 
     </span>
    </p>
   </div>
   <div class='ocr_carea' id='block_1_5' title="bbox 128 3653 1028 3853">
    <p class='ocr_par' dir='ltr' id='par_1_6' title="bbox 128 3653 1028 3853">
     <span class='ocr_line' id='line_1_32' title="bbox 128 3653 1028 3742; baseline 0.002 -25"><span class='ocrx_word' id='word_1_217' title='bbox 128 3653 208 3740; x_wconf 78' lang='lat' dir='ltr'><strong>legi,</strong></span> <span class='ocrx_word' id='word_1_218' title='bbox 230 3663 262 3716; x_wconf 91' lang='lat' dir='ltr'><strong>et</strong></span> <span class='ocrx_word' id='word_1_219' title='bbox 286 3653 470 3739; x_wconf 82' lang='lat' dir='ltr'><strong>particulam</strong></span> <span class='ocrx_word' id='word_1_220' title='bbox 489 3657 528 3718; x_wconf 90' lang='lat' dir='ltr'><strong>de</strong></span> <span class='ocrx_word' id='word_1_221' title='bbox 554 3654 722 3734; x_wconf 70' lang='lat' dir='ltr'><strong>certamine</strong></span> <span class='ocrx_word' id='word_1_222' title='bbox 750 3653 921 3742; x_wconf 74' lang='lat' dir='ltr'><strong>Olympico</strong></span> <span class='ocrx_word' id='word_1_223' title='bbox 940 3657 1028 3736; x_wconf 86' lang='lat' dir='ltr'><strong>insti·</strong></span> 
     </span>
     <span class='ocr_line' id='line_1_33' title="bbox 128 3755 1027 3853; baseline 0.007 -35"><span class='ocrx_word' id='word_1_224' title='bbox 128 3765 195 3822; x_wconf 85' lang='lat' dir='ltr'><strong>tuto</strong></span> <span class='ocrx_word' id='word_1_225' title='bbox 221 3779 238 3820; x_wconf 91' lang='lat' dir='ltr'><strong>e</strong></span> <span class='ocrx_word' id='word_1_226' title='bbox 264 3755 339 3818; x_wconf 86' lang='lat' dir='ltr'><strong>libri</strong></span> <span class='ocrx_word' id='word_1_227' title='bbox 365 3755 466 3820; x_wconf 85' lang='lat' dir='ltr'><strong>octavi</strong></span> <span class='ocrx_word' id='word_1_228' title='bbox 492 3755 622 3820; x_wconf 81' lang='lat' dir='ltr'><strong>exordio</strong></span> <span class='ocrx_word' id='word_1_229' title='bbox 653 3765 807 3853; x_wconf 86' lang='lat' dir='ltr'><strong>sumptam</strong></span> <span class='ocrx_word' id='word_1_230' title='bbox 836 3773 903 3819; x_wconf 81' lang='lat' dir='ltr'><strong>esse</strong></span> <span class='ocrx_word' id='word_1_231' title='bbox 928 3779 1027 3848; x_wconf 49' lang='lat' dir='ltr'><strong>¹supra</strong></span> 
     </span>
    </p>
   </div>
   <div class='ocr_carea' id='block_1_6' title="bbox 0 0 1342 4462">
    <p class='ocr_par' dir='ltr' id='par_1_7' title="bbox 0 0 1342 4462">
     <span class='ocr_line' id='line_1_34' title="bbox 0 0 1342 4462; baseline 0 0"><span class='ocrx_word' id='word_1_232' title='bbox 0 0 1342 4462; x_wconf 95' lang='lat' dir='ltr'><strong> </strong></span> 
     </span>
    </p>
   </div>
  </div>
 </body>
</html>
