2644 4462
224 367 226 372 ’
292 339 423 476 ἰιι

704 599 784 674 Gar.
798 599 877 674 xl.
994 651 1002 668 ·
1318 705 1319 710 ἵ

342 753 520 853 ·Qoomodc
576 754 789 831 ordinandae
836 762 869 822 et
916 751 1140 848 explicandae
1188 755 1259 826 sint

389 875 584 975 particulae
607 876 746 970 priores
771 871 855 944 libri
878 874 994 942 octavi
1016 871 1256 946 Bibliothecae
1318 883 1319 892 ’

391 996 544 1071 Diodori
563 994 699 1066 Siculi?
1318 1081 1319 1088 ἵ

403 1109 550 1198 Exposui
568 1107 788 1196 superioribus
807 1105 981 1194 capitibus,
1003 1107 1164 1193 quomodo
1182 1108 1254 1172 reli·
1318 1115 1319 1128 ¹

340 1213 433 1302 quies
462 1211 539 1278 libri
569 1209 696 1297 septimi
725 1207 950 1274 Bibliothecae
979 1209 1118 1274 Diodori
1149 1196 1252 1274 s'ienb

182 1295 194 1333 Ἰ
305 1314 540 1401 ,ἱοιάἰιιωιᾱιῆ
563 1309 760 1390 scribendos,
781 1311 986 1397 explicandas
1005 1334 1075 1376 csse
1094 1333 1251 1396 censeam,

314 1419 399 1483 *hnc
428 1415 531 1503 capite
561 1423 592 1476 et
621 1412 766 1501 proxime
797 1412 1002 1498 sequentibus
1032 1413 1188 1478 disseram
1216 1417 1250 1480 dc

337 1515 507 1606 particulis
537 1515 726 1604 quibusdam
748 1513 906 1578 librorum
929 1514 1148 1601 posteriorum
1170 1517 1251 1582 cius·

338 1621 410 1684 dem
449 1618 697 1698 Bibliothecae,
738 1641 815 1706 quas
850 1615 996 1682 inventas
1035 1617 1069 1681 in
1105 1619 1249 1708 reliquiis

335 1721 503 1804 Vaticanis
536 1721 641 1784 Maius
670 1729 723 1783 aut
753 1721 848 1808 plane
876 1741 943 1812 non
975 1720 1167 1807 explicavit,
1201 1733 1251 1786 aut

285 1824 291 1839 ⁴
334 1800 441 1890 mirius
470 1835 556 1889 recte
585 1825 812 1911 interpretatus
841 1845 911 1886 esse
938 1821 1075 1887 videtur.
1121 1823 1196 1911 Qua
1218 1827 1250 1890 in

292 1991 299 2010 ὦ
334 1951 370 1992 re
400 1926 428 1990 si
459 1926 634 1992 nonnullos
664 1917 759 1988 etiam
790 1924 926 1989 aliorum
959 1948 1086 1989 errores
1119 1937 1189 1992 tum
1217 1927 1248 1993 in
1318 1965 1319 1968 ι

334 2029 520 2112 digerendis
541 2028 656 2091 ceteris
673 2027 810 2091 Diodori
826 2026 989 2116 reliquiis,
1011 2037 1078 2092 tum
1098 2029 1133 2092 in
1153 2031 1249 2126 expli·

333 2129 444 2192 caudis
465 2129 583 2191 eisdem
605 2128 788 2192 commissos
812 2151 1007 2216 coarguere,
1028 2131 1114 2195 baud
1136 2134 1248 2198 malam

331 2255 382 2296 me
405 2231 558 2296 initurum
580 2253 673 2319 spero
696 2230 830 2318 gratiam
852 2232 892 2294 ab
915 2233 1062 2296 omnibus
1084 2234 1170 2318 illis,
1194 2236 1248 2324 qui

331 2334 602 2422 Bipontinorum,
623 2344 657 2399 ut
679 2335 738 2406 bos
760 2331 961 2422 potissimum
982 2335 1159 2417 nominem,
1180 2363 1247 2402 sen·

329 2436 439 2502 tentiis
460 2438 595 2503 nimium
618 2438 750 2503 credere
774 2448 1018 2502 consueverunt.
1046 2475 1079 2486 -
1116 2438 1246 2507 Initium

328 2538 444 2602 faciam
466 2563 484 2601 a
505 2541 609 2625 prima
630 2540 787 2627 particula
808 2539 886 2603 libri
908 2539 1029 2622 octavi,
1059 2564 1155 2629 quam
1177 2567 1244 2608 csse

328 2649 424 2724 caput
451 2635 533 2703 illud
555 2642 593 2704 dc
616 2644 778 2707 vacatione
801 2641 933 2708 militiae
952 2641 1127 2726 Eleorum,
1159 2647 1243 2732 quod

327 2738 431 2804 estin
459 2740 624 2829 Excerptt„
653 2743 692 2808 dc
715 2744 800 2810 virtt.
830 2754 862 2807 et
883 2744 952 2810 vict.
981 2768 1014 2831 p.
1037 2745 1120 2809 547.
1151 2746 1189 2811 Τ.
1211 2747 1243 2812 ll

325 2841 475 2906 Wcsscl.
499 2853 531 2906 ct
552 2843 586 2908 in
608 2844 724 2935 reliqq.
743 2846 867 2910 Vaticc.
890 2871 958 2935 cap.
974 2847 1036 2911 IV.
1054 2848 1135 2935 psl.
1153 2849 1242 2929 Mai,

325 2945 387 3012 ium
401 2947 506 3033 'snpra
524 2947 628 3013 docui.
660 2947 828 3036 Bipontini
846 2951 926 3014 baec
944 2948 1041 3014 verba
1061 2950 1101 3014 ad
1118 2947 1241 3039 Lycur·

237 3047 240 3054 '
323 3069 400 3132 gum
421 3049 621 3134 retulerunt,
650 3075 753 3140 aquo
775 3052 922 3118 nonnulli
945 3050 1154 3140 Olympicum
1176 3077 1241 3120 cer·

321 3159 427 3243 tmperi
441 3151 627 3220 ,institutum
645 3165 768 3244 putant,
791 3155 847 3220 scd
863 3147 1072 3242 praepostere
1090 3155 1142 3220 illi
1157 3158 1240 3223 iccc-

195 3322 204 3333 ,
320 3270 412 3343 runt,
435 3274 533 3337 quum
554 3258 700 3349 Lycurgi
722 3267 853 3325 aetatem
875 3279 963 3320 auno
982 3257 1056 3322 libb
1078 3281 1106 3325 a.
1124 3257 1185 3323 Cb.
1207 3283 1237 3324 ιι.

319 3359 563 3450 descripserint,
582 3364 774 3449 quicumque
794 3357 877 3421 enim
890 3380 929 3421 cx
944 3359 1030 3422 omni
1047 3359 1236 3446 antiquitate

316 3463 469 3552 Lycurgo
510 3465 737 3552 Olympiorum
773 3458 1035 3526 constitutionem
1069 3462 1235 3546 tribuunt,

316 3565 342 3629 ii
363 3567 547 3656 Lycurgum
568 3567 671 3654 prima
693 3561 886 3650 Olympiade
902 3560 923 3624 i.
943 3585 970 3625 e.
987 3563 1058 3624 776
1077 3569 1151 3626 autc
1171 3565 1232 3630 Cb.

315 3692 346 3730 ιι.
382 3670 517 3752 vixisse,
553 3690 619 3730 non
652 3663 786 3753 primam
824 3660 1050 3752 Olympiadem
1085 3663 1229 3753 Lycurgi

251 3768 253 3777 '
313 3780 413 3839 aetate
441 3773 507 3841 cive
537 3792 618 3842 anuo
645 3767 720 3836 884
742 3789 769 3830 u.
793 3764 852 3832 Cb.
875 3789 907 3829 ιι.
936 3765 1128 3830 celebratam
1157 3791 1228 3832 esse
