2618 4458
926 399 961 464 V

44 581 142 662 atatis
158 581 305 649 homines
324 581 468 652 studioso
484 592 517 648 et
534 581 709 670 diligenter
725 583 879 672 perlego,
900 589 960 652 sed

42 693 157 746 nostrae
172 684 276 747 aetatis
290 695 406 771 praeter
416 708 534 772 paueos
546 686 732 770 admodum,
754 710 835 774 quos
850 689 959 754 etiam·

40 786 68 849 si
89 809 154 851 non
173 787 240 852 sint
261 788 465 876 comparandi
486 787 554 852 illis
576 786 670 874 (nam
685 789 719 853 id
734 789 818 854 haud
835 789 902 854 seio
917 815 958 856 an

39 889 122 953 nulli
145 887 357 978 eontigerit),
381 901 487 954 tamen
508 891 665 976 singulari
686 890 749 954 lide
771 914 956 987 summaque

39 989 186 1054 doctrina
205 991 239 1054 in
259 992 323 1056 boe
343 1014 464 1078 genere
479 990 671 1058 eruditionis
686 991 866 1058 elaborasse
884 1017 958 1058 eon·

37 1103 118 1175 stat,
138 1092 261 1180 attingo
273 1094 456 1180 ‚reminem-

100 1294 228 1362 Verum
247 1297 333 1364 anim
350 1317 428 1365 vero
444 1321 636 1388 quamquam
658 1321 760 1367 neam
776 1301 955 1370 studiorum

35 1399 193 1463 rationem
220 1421 286 1464 nou
311 1402 408 1468 modo
432 1425 499 1467 non
523 1404 653 1467 omnino
686 1400 875 1470 laudandam
898 1407 955 1471 sed

34 1501 134 1566 etiarn
146 1501 379 1588 quodammodo
397 1505 692 1592 reprehendendam
708 1528 779 1570 esse
793 1507 953 1594 intellige,

33 1616 140 1668 tamen
166 1605 201 1668 in
229 1605 290 1669 bae
320 1606 517 1694 scriptione,
553 1618 705 1696 quantum
731 1607 767 1671 in
793 1633 845 1674 nae
872 1611 952 1692 fnit,

31 1730 164 1794 operam
178 1729 230 1770 me
246 1705 372 1772 dedisse
387 1710 559 1795 profiteor,
580 1719 616 1773 ut
628 1710 718 1774 illam
730 1713 953 1798 reprehensio·

30 1832 106 1874 nem
130 1811 318 1893 effugerem.
362 1810 602 1874 constitueram
624 1811 709 1873 enim
732 1812 815 1876 nihil
835 1813 870 1876 in
890 1814 952 1878 hoe

29 1909 148 1974 libello
162 1909 329 1994 prolerre,
351 1908 416 1972 nisi
432 1931 502 1996 quae
520 1909 662 1971 nondum
678 1932 813 1994 usquam
829 1913 953 1996 prolata

30 2033 103 2076 esse
125 2009 265 2089 scirem,
287 2019 319 2072 et
339 2009 368 2073 ai
391 2031 462 2096 quse
481 2009 680 2094 proferrem,
711 2010 860 2095 quaejam
880 2022 953 2074 ante

28 2115 68 2178 ab
94 2109 170 2175 aliis
194 2111 279 2175 dieta
300 2119 422 2191 essent,
449 2109 495 2173 ita
518 2119 639 2175 tantum
661 2114 703 2176 de
723 2109 765 2174 iis
789 2111 952 2200 disputare

29 2212 139 2297 volui,
165 2221 219 2294 ut,
246 2203 315 2300 apum
336 2209 415 2278 mibi
429 2219 524 2274 reete
546 2209 630 2276 dicta
653 2233 724 2277 esse
746 2209 950 2296 viderentur,

30 2327 145 2384 eontra
172 2315 309 2380 aliorum
335 2314 480 2380 virorum
507 2313 677 2382 doctorum
707 2315 948 2398 auctoritatem,

29 2419 83 2507 qui
108 2441 144 2482 ea
168 2418 424 2504 impugnassent,
452 2414 547 2480 novis
574 2425 607 2480 et
631 2415 834 2502 gravioribus
857 2417 965 2504 argu·v

28 2520 147 2585 mentis
162 2517 267 2582 allatis
282 2518 499 2584 defenderem.
527 2517 641 2606 ltaque
659 2519 804 2583 excussit
818 2518 948 2584 tabellis

28 2623 109 2690 meis
138 2631 171 2684 et
194 2620 330 2710 prolatis
356 2618 422 2703 eis,
450 2620 605 2707 quae-iam
628 2620 668 2684 ad
690 2621 830 2707 aliquem
851 2621 948 2686 linem

28 2725 186 2812 perducta
204 2745 275 2786 esse
294 2720 503 2804 videbuntur,
525 2731 561 2785 nt
572 2721 664 2786 'baud
681 2722 791 2810 inepte
812 2723 948 2787 aliorum

28 2825 152 2891 iudicio
182 2822 301 2889 subiiei
331 2813 498 2911 possent,
518 2821 600 2886 illud
629 2821 794 2887 fastidium
824 2821 946 2904 abieci,

30 2926 138 2992 avolvi
159 2922 423 3006 commentarios,
451 2922 572 2986 eoutnli
596 2922 723 2988 diversa
745 2925 946 2990 diversorum

28 3029 189 3092 editorum
218 3021 414 3114 exemplaria
427 3019 429 3025 ¹
443 3023 628 3090 eorumdem
659 3027 840 3107 librorum,
875 3045 946 3112 per·
1034 3069 1041 3076 -

27 3129 184 3216 vestigari
199 3128 392 3216 scriptorum
409 3135 529 3191 nostrae
545 3127 646 3190 natatis
666 3126 770 3191 libros
791 3128 831 3191 de
850 3126 947 3191 rebus

28 3229 191 3316 antiquis,
218 3239 377 3318 quotquot
401 3227 544 3292 nancisei
568 3227 661 3315 potui
684 3239 715 3292 et
735 3238 790 3293 tna
809 3253 874 3295 non
894 3253 947 3295 ex-

27 3330 105 3419 iguo
119 3329 313 3396 bibliotheca
327 3339 359 3394 et
373 3328 532 3418 gymnasii
547 3328 650 3394 nostri
665 3328 760 3396 libris
774 3341 807 3396 et
821 3332 946 3419 aliquot

26 3433 175 3497 virorum
197 3432 362 3499 doetorum
382 3430 541 3496 beneficio
562 3452 659 3514 usus,
681 3433 738 3518 qui
757 3455 808 3499 me
826 3456 947 3498 summa

27 3533 224 3600 liberalitate
241 3533 333 3598 libris
355 3531 596 3620 suppeditandis
617 3542 649 3595 et
668 3533 873 3598 conserendis
895 3534 948 3602 ad.

29 3636 198 3718 iuverunt,
232 3641 269 3700 ut
296 3657 356 3720 ego
383 3651 556 3720 numquam
583 3655 697 3702 eorum·
720 3634 948 3702 humanitatem

8 3737 106 3816 ortis
127 3738 277 3820 laudare,
305 3757 473 3838 numquam
491 3759 602 3826 parem
622 3734 669 3801 eis
690 3759 750 3827 pro
771 3748 819 3803 tot
839 3737 946 3809 tantis-
