2618 4458
336 361 387 430 vt

338 575 402 640 que
417 571 527 624 eorum
539 551 574 614 in
588 571 640 614 me
654 547 820 614 benefieiis
836 549 969 634 gratiam
981 549 1106 614 relerre
1120 549 1251 637 possim.

339 651 539 740 Tuquetibi
565 652 758 740 persuadeas
785 652 899 733 velim,
928 651 1143 737 gratissimum
1172 653 1251 716 mibi

338 765 370 818 te
384 755 515 835 fecisse,
538 754 568 818 si
580 779 640 841 pro
660 764 713 818 tna
731 777 805 839 erpa
823 776 873 821 me
894 753 1013 840 pietate
1029 753 1124 818 etiam
1142 763 1176 818 tu
1191 779 1256 820 non

332 856 442 920 minus
462 855 606 920 oflieiose
624 878 679 920 eos
695 857 782 921 viros
798 854 1035 934 observaveris,
1059 879 1153 941 quam
1172 857 1201 919 si
1220 847 1259 922 in*

339 968 371 1022 te
394 959 500 1045 ipsum
522 983 632 1023 eorum
659 957 813 1024 beneficia
839 966 945 1020 essent
968 958 1104 1021 collata:
1134 982 1193 1044 ego
1221 971 1258 1022 ut

339 1060 476 1126 lectores
492 1062 586 1126 buius
600 1061 678 1124 libri
693 1070 904 1147 cognoscant,
927 1060 1086 1147 quosdam
1103 1084 1119 1122 a
1136 1083 1258 1126 summa

341 1162 486 1226 doctrina
504 1163 649 1226 laudatos
671 1163 787 1244 seiont,
810 1164 940 1226 eosdem
961 1186 979 1225 a
1000 1163 1157 1247 singulari
1179 1162 1258 1226 libe-

340 1262 465 1330 ralltate
491 1275 524 1328 et
545 1265 740 1334 humanitate
760 1265 936 1330 laudandos
963 1287 1049 1343 esse,
1071 1265 1259 1329 nominatim

335 1365 388 1432 eis
407 1367 562 1431 honorem
579 1367 713 1431 habebo.
759 1365 845 1432 Sunt
866 1365 952 1430 enim
965 1367 1009 1430 N.
1029 1366 1259 1456 Eieblaosfius,

312 1467 398 1558 ‘qui
414 1468 573 1555 quondam
599 1469 733 1533 maxima
760 1469 945 1532 celeb-ritate
972 1468 1203 1564 discipulorum
1224 1469 1260 1534 in

341 1569 404 1634 boo
425 1569 603 1658 gymnasio*
616 1570 740 1634 litteras
766 1565 895 1634 Graeeas
918 1579 950 1634 et
970 1569 1101 1633 Latinas
1127 1571 1237 1634 doonit
1248 1618 1261 1654 ,

343 1694 501 1760 quemque
541 1697 602 1760 ego
641 1673 844 1760 magistrum·
866 1698 971 1738 meram
1008 1673 1062 1760 pie
1100 1696 1261 1760 veneror3

346 1774 404 1840 Tb.
426 1775 717 1856 Friedemanaus,
741 1777 809 1864 qui·
823 1799 907 1840 nune
932 1785 1048 1863 praeest
1070 1774 1145 1838 huie
1172 1799 1263 1862 gym-

342 1875 453 1958 nasio,
482 1877 533 1942 oni
562 1900 624 1964 ego
646 1875 751 1965 'quum
777 1876 840 1941 alia
867 1877 966 1940 multa
991 1877 1116 1956 debeo,
1138 1877 1262 1938 tamin

342 1977 401 2040 bae
420 1977 594 2061 scriptione
614 1979 819 2041 collationem
837 1978 931 2040 varior
952 1975 1118 2059 scripture
1136 1974 1263 2061 aliquot

342 2076 488 2139 loeornm
500 2074 687 2154 Strabonis,
702 2097 800 2161 quum
809 2074 887 2137 mibi
900 2075 1024 2160 copiam
1035 2075 1149 2138 feeerit
1165 2077 1261 2140 reris,

343 2176 420 2240 sima
447 2184 478 2238 et
505 2173 737 2261 pretiosissima
769 2175 838 2237 eius
866 2174 1032 2261 seripturis
1064 2177 1260 2263 exemplaria

342 2277 554 2365 inspiciendi,
576 2299 657 2364 quae
680 2276 735 2341 vix
758 2277 841 2363 apud
865 2276 967 2340 ullaun
984 2277 1082 2342 alium
1100 2279 1166 2342 nisi
1176 2284 1262 2366 apud

342 2380 448 2468 ipsum
469 2381 623 2444 editorem
644 2378 814 2444 Strabonis
830 2380 1031 2464 reppereris,
1050 2381 1084 2443 J.
1097 2382 1260 2462 Hessius,

343 2482 459 2546 artium
482 2481 663 2548 lffieraliurn
689 2481 854 2566 professor
874 2479 910 2544 in
930 2480 1097 2566 gymnasio
1121 2483 1148 2546 F
1151 2506 1261 2548 raneo-

343 2583 489 2664 lurtano,
512 2580 568 2668 qni
582 2605 641 2667 pro
659 2591 768 2646 vetere
787 2603 843 2645 sua
859 2604 936 2666 erga
951 2603 1001 2644 me
1017 2583 1260 2667 benevolentia,

344 2684 399 2749 vix
419 2707 469 2748 me
488 2685 623 2748 audente
645 2684 678 2748 id
701 2685 741 2746 ab
764 2706 803 2746 eo
822 2683 1004 2769 postulare,
1027 2684 1149 2769 aliquot
1169 2687 1261 2750 loeas

345 2785 486 2869 Suidae,
510 2811 607 2876 (luatur
628 2811 688 2873 ego
713 2787 831 2850 librum
857 2785 998 2849 nancisei
1021 2811 1087 2850 non
1111 2811 1260 2874 possem,

343 2912 409 2954 non
429 2889 523 2954 modo
545 2889 679 2953 eontulit
696 2888 729 2952 in
750 2911 854 2950 meum
874 2911 985 2969 usnnr,
1009 2891 1066 2952 sed
1089 2891 1182 2952 etiam
1201 2913 1262 2955 sna
1301 2939 1302 2948 ,

1267 2959 1272 2967 ’

343 3013 437 3057 mutu
458 2990 638 3075 descriptos
659 2991 698 3053 ad
723 3012 772 3052 me
796 2989 991 3074 transmisit,
1012 2993 1053 3054 F.
1076 2991 1237 3054 Osaaanas
1248 3039 1260 3072 ,

344 3092 545 3178 eloquentiae
574 3092 740 3179 professor
763 3115 795 3177 p.
812 3113 839 3154 o.
863 3089 896 3153 in
916 3091 1074 3154 academia
1094 3087 1259 3174 Gissensi,

343 3193 396 3257 eni
427 3217 523 3280 quum
550 3215 611 3280 eqo
643 3191 771 3256 nonnisi
800 3193 848 3256 eis
878 3193 994 3288 litteris
1027 3192 1258 3272 limatensem,

343 3295 460 3380 quibus
475 3296 514 3359 ab
533 3318 571 3358 eo
587 3295 683 3381 petii,
706 3305 741 3357 ut
756 3318 885 3382 operam
901 3319 990 3358 suam
1003 3294 1083 3356 mibi
1098 3297 1260 3381 praeberet

342 3397 383 3462 ad
404 3397 506 3461 libros
526 3397 649 3483 aliquot
668 3419 686 3459 e
707 3396 902 3460 bibliotbeea
926 3396 1089 3460 seminarii
1109 3421 1259 3483 promen.

343 3499 419 3577 dos,
441 3499 719 3587 praestantissimus
737 3499 795 3561 ille
814 3498 914 3563 viret
932 3520 1008 3562 vere
1026 3497 1176 3588 egregins
1193 3525 1260 3565 non

342 3603 438 3670 modo
466 3625 536 3668 eam
564 3600 642 3666 mibi
669 3602 815 3689 prestitit
842 3624 994 3688 operam,
1021 3625 1133 3670 aerum
1162 3603 1259 3666 etiam

344 3727 440 3775 esna
456 3705 670 3786 bibliotheca,
692 3727 773 3798 qaae
796 3701 1054 3804 splendidissima
1077 3710 1147 3782 est,
1169 3706 1257 3766 ultro
